1941 3143
1655 113 1716 158 53

137 225 254 273 mula
277 223 455 284 loquar,
493 222 763 284 plerumque
799 238 883 285 per
911 221 1246 271 Cancellariam
1274 220 1584 284 Hungaricam
1621 238 1716 270 no-

137 295 255 340 mine
280 293 430 350 regio,
467 304 794 350 nonnunquam
825 294 961 337 etiam
994 307 1079 354 per
1115 290 1409 350 Rescriptum
1448 291 1716 337 reddeban-

136 368 221 406 tur.
260 358 308 403 In
334 360 480 417 primo
523 372 633 402 casu
664 355 720 402 ad
760 358 1018 403 mandatum
1043 358 1221 418 Regiae
1247 356 1507 416 MaJestatis
1538 356 1715 404 Consi-

135 427 290 473 liarius
319 424 375 469 ad
401 422 735 470 Cancellariam
750 424 899 485 Regio
926 425 1235 486 Hungaricam
1251 424 1444 471 Aulicus
1472 423 1716 486 subscrip-

137 496 194 540 sit
219 491 364 547 solus,
399 494 635 552 posterius
663 491 768 538 Rex
803 495 940 538 etiam
967 494 1068 555 ipse
1097 507 1198 538 cum
1227 490 1537 549 Cancellario‚
1577 498 1714 552 atque

132 574 223 607 uno
249 557 541 606 Consiliario.
567 558 701 604 Nunc
726 561 815 604 ista
845 561 891 606 in
915 562 1067 606 vicem
1098 558 1578 606 consubscribentium
1607 564 1717 620 post

131 628 306 688 Regem
328 640 444 672 unus
470 625 788 673 Ministrorum
816 641 900 672 suo
932 630 1118 674 nomine
1151 629 1339 687 signare
1375 625 1614 672 ordinatur
1655 625 1713 684 ³).

131 698 224 744 Res
256 695 323 740 sic
348 701 503 740 mutuo
532 708 767 740 consensu
795 695 1072 752 conclusae7
1111 696 1157 740 in
1184 701 1341 741 certos
1378 694 1600 740 articulos
1629 707 1714 738 re-

133 765 363 824 diguntur⁷
400 760 615 824 Regique
643 768 1028 824 praesentantur,
1067 762 1278 808 addendo
1318 775 1505 823 preces,
1544 768 1593 806 ut
1630 760 1716 807 hos

131 831 332 878 adsensu
359 845 442 876 suo
465 866 478 888 ,
517 837 563 876 et
601 831 879 876 auctoritate
927 837 1087 887 ratos7
1125 837 1385 891 gratosque
1425 828 1620 885 habeat,
1670 834 1717 872 et

131 907 220 945 tam
246 901 345 959 ipse
377 897 578 958 benigne
605 897 878 955 observare,
917 911 1051 958 quam
1087 912 1171 959 per
1201 897 1318 943 alios
1359 896 1604 942 observari
1634 893 1712 940 fa-

135 980 242 1012 cere
282 964 508 1025 dignetur.

817 1086 863 1142 ξ.
904 1089 1015 1134 407.

522 1188 599 1232 De
622 1188 744 1233 Jure
768 1188 929 1246 Leyes
948 1185 1324 1247 promulqandz‘.

266 1298 480 1358 Negotiis
507 1300 778 1359 compositis
798 1333 810 1355 7
850 1313 1093 1360 quousque
1119 1314 1213 1344 non
1239 1298 1407 1344 fuisset
1444 1297 1710 1356 stabilitum,

131 1368 282 1427 Leges
311 1365 577 1411 durantibus
613 1364 819 1410 Comitiis
846 1366 964 1411 latas
1003 1366 1278 1411 intermedio
1308 1373 1414 1411 ante
1439 1365 1715 1412 conclusio-

131 1449 235 1481 nem
260 1435 457 1480 termino
495 1432 779 1492 singillative
820 1433 1074 1478 Sanctione
1102 1433 1251 1492 Regia
1277 1446 1421 1494 posse
1450 1432 1613 1478 donari
1653 1431 1716 1490 ¹³),

128 1503 338 1548 universi
364 1500 542 1546 articuli
568 1501 754 1546 nonnisi
794 1514 895 1544 cum
929 1501 1029 1560 ipsa
1066 1500 1262 1546 Diaetae
1289 1499 1593 1545 conclusione
1619 1500 1714 1545 vim

128 1570 248 1629 legis
282 1571 329 1614 in
369 1568 615 1629 complexu
641 1566 1074 1628 consequebantur,
1113 1570 1192 1628 qui
1229 1569 1274 1612 in
1300 1566 1496 1612 formam
1521 1566 1713 1611 Decreti

128 1636 331 1693 redacti,
357 1636 597 1697 Regiaque
626 1634 967 1695 subscriptione
989 1669 1001 1691 ,
1030 1634 1202 1694 sigillo,
1231 1648 1285 1679 ac
1312 1634 1535 1679 subnexis
1561 1634 1712 1679 Prae-

129 1705 326 1750 latorum
344 1737 356 1760 a
395 1718 448 1748 ac
474 1703 626 1762 Regni
650 1701 884 1746 Baronum
909 1701 1169 1746 nominibus
1195 1703 1373 1757 muniti„
1409 1715 1494 1760 per
1519 1700 1715 1759 Regiam

129 1771 422 1830 Majestatem
450 1784 551 1815 cum
595 1768 760 1813 iisdem
785 1783 906 1829 pene
946 1770 1211 1813 cerimoniis
1233 1801 1245 1823 ᾖ
1285 1781 1402 1827 quae
1431 1767 1488 1811 ad
1513 1766 1714 1812 inchoa-o

128 1841 303 1885 tionem
331 1838 481 1895 (401)
511 1836 743 1891 obtinent7
782 1834 1011 1882 Comitiali
1037 1834 1238 1896 Corpori
1264 1833 1521 1889 traduntur,
1552 1835 1712 1895 sicque

128 1908 223 1953 vim
260 1905 414 1964 legum
449 1904 632 1965 adepti„
671 1909 837 1963 postea
872 1902 928 1947 ad
953 1904 1200 1947 universas
1229 1902 1382 1960 Regni
1407 1900 1713 1946 Jurisdictio-

130 1988 213 2019 nes
240 1988 324 2034 pro
364 1971 575 2016 ulteriori
614 1969 1016 2032 promulgatione
1055 1975 1101 2014 et
1141 1968 1474 2014 observatione
1501 1982 1586 2029 per
1611 1968 1714 2014 Re-

131 2043 251 2100 giam
276 2039 569 2096 MaJestatem
610 2038 893 2082 dimittuntur
917 2034 1001 2094 ⁶⁷⁹)-
991 2071 1004 2092 ‚
1042 2050 1142 2082 mos
1182 2035 1257 2080 diu
1282 2041 1493 2080 retentus
1521 2035 1645 2080 hos
1634 2050 1713 2080 in-

133 2122 272 2167 super
311 2106 366 2150 ad
403 2119 487 2150 eos
515 2104 738 2165 expedire
775 2117 967 2160 omnes
1007 2106 1083 2164 qui
1109 2105 1155 2148 in
1180 2116 1385 2163 persona
1423 2101 1480 2148 ad
1506 2095 1716 2148 Diaetam

134 2173 318 2217 evocati
335 2171 483 2218 fuere
502 2173 825 2217 recentissime
850 2172 1210 2231 praetermissus
1238 2176 1323 2214 est
1363 2169 1517 2228 Leges
1544 2176 1713 2226 autem,

133 2241 220 2284 rite
257 2221 601 2300 promulgatas,
648 2238 789 2285 Cives
828 2239 981 2298 Regni
1018 2252 1111 2283 non
1151 2237 1362 2296 singulos
1402 2236 1571 2293 modo7
1629 2235 1713 2281 sed

132 2308 277 2367 ipsam
313 2305 428 2351 adeo
476 2320 793 2367 quamcunque
843 2305 1023 2352 Civium
1072 2306 1428 2352 universitatem
1482 2303 1712 2363 obligare,

134 2373 342 2419 omnibus
370 2380 567 2419 constat.

188 2470 239 2522 *)
271 2470 456 2518 Decreta,
488 2475 526 2509 et
557 2469 752 2521 quidquid
775 2468 1117 2522 promulgandum
1143 2473 1243 2519 erat,
1275 2467 1531 2520 temporibus
1559 2467 1712 2507 dudum

244 2528 484 2575 retroactiS‚
530 2527 624 2565 viva
657 2538 753 2564 voce
796 2526 927 2564 medio
961 2526 1393 2574 Archi-Praeconum,
1442 2537 1523 2564 non
1555 2525 1711 2576 scripto

246 2582 407 2634 publica
429 2583 545 2622 reddi
566 2581 847 2632 consvevisse,
878 2582 1069 2622 novimus
1090 2582 1147 2636 ὓ),
1179 2595 1321 2623 verum
1339 2580 1426 2636 Jam
1449 2581 1652 2621 Ludoviei
1679 2581 1713 2620 Ι.

172 2728 204 2766 ⁸)
234 2727 332 2762 18'48.
360 2727 392 2761 4.

175 2775 211 2816 b)
238 2776 374 2807 Eodem
403 2777 476 2807 Art.

172 2829 202 2865 c)
229 2822 436 2854 Kovachich
475 2821 576 2854 vest.
612 2821 708 2854 Com.
742 2825 778 2855 et
813 2822 1074 2866 Cztraky‘ord.
1113 2823 1207 2859 Hist.
1247 2825 1327 2859 Jur.
1354 2823 1431 2858 Civ.
1457 2821 1573 2863 flung.
1601 2831 1632 2864 p.
1657 2822 1713 2859 69.

237 2869 336 2902 Cous.
362 2870 455 2911 Pray
479 2868 574 2904 Hist·
600 2869 685 2912 neg.
711 2869 828 2914 Hung.
853 2871 889 2904 in
915 2875 989 2906 not.
1015 2880 1141 2915 praev.
1163 2875 1203 2910 Ρ.
1229 2873 1274 2907 11.
1301 2870 1332 2915 §.
1357 2870 1448 2916 LXI.
1472 2869 1507 2903 in
1533 2868 1640 2903 notis·
