1941 3143
216 49 313 96 190

213 177 348 223 quam
374 176 492 224 quae
533 161 589 208 ad
614 161 799 208 Fiscum
830 163 1028 223 Regium
1064 163 1271 225 legitime
1325 164 1542 211 devoluta
1585 171 1692 210 sunt
1731 166 1804 223 Ἲς

211 229 365 277 nullae
404 232 450 277 in
489 230 592 276 illas
633 230 870 276 clausulae
906 233 1113 293 irrepant
1149 234 1366 279 insolitae
1408 232 1480 291 b);
1521 232 1719 293 denique
1744 247 1804 278 ne

206 298 301 355 juri
327 298 518 344 alterius
557 298 880 359 praejudicent
923 300 996 357 ο),
1046 306 1092 345 et
1127 301 1246 346 intra
1278 302 1412 346 unius
1451 303 1557 345 anni
1608 298 1802 361 spatium

211 368 464 411 statutione
491 392 558 398 —-
582 366 972 427 promulgationis
1021 368 1169 413 vicem
1210 367 1436 414 subeunte
1463 395 1530 400 -—
1557 382 1642 412 ceu
1679 367 1805 427 legi-

211 432 626 495 timaImpetrantis
657 435 702 479 in
723 432 845 479 bona
875 434 1435 482 obtentalndroductione
1464 435 1701 481 firmentur
1743 431 1802 493 ²¹).

909 535 956 590 ᾗ.
997 535 1109 581 ⁴261.

486 613 601 660 Etsi
624 613 842 661 collatae
868 617 1163 663 Nobilitate&
1189 621 1373 664 mentio
1401 617 1537 663 desit.

345 694 627 755 Frequentia
655 695 825 743 docent
852 699 1065 761 exempla
1106 699 1305 745 Litteras
1326 734 1337 754 ,
1378 699 1541 760 quihus
1568 699 1804 744 Donatio-

210 776 295 807 nes
336 760 534 820 fiebant,
574 768 961 825 aggregationem
988 770 1034 813 in
1070 774 1254 814 coetum
1290 766 1523 812 Nobilium
1552 768 1803 826 antiquitus

211 844 332 889 pene
362 844 549 891 semper
576 836 1126 895 exp1·essisse.qruoties
1153 839 1283 881 viros
1312 834 1543 893 ignobiles
1570 835 1806 893 respicie-

210 896 332 942 bant.
353 897 552 944 Invaluit
579 898 754 945 tardius
783 901 947 946 iisdem
966 902 1136 947 nullam
1152 915 1347 963 prorsus
1374 900 1638 945 Nobilitatis
1667 901 1804 944 attri-

211 963 349 1010 butae
375 968 659 1012 mentionem
689 967 817 1025 sieri.
845 969 952 1014 inde
980 983 1094 1014 sane
1111 1003 1124 1025 7
1164 971 1267 1029 quia
1296 967 1424 1012 Juris
1450 993 1517 999 —-
1541 973 1590 1012 ut
1615 973 1807 1027 recepta

206 1032 302 1090 jam
342 1047 484 1093 porro
528 1033 723 1080 formula
751 1042 932 1080 utamur
966 1029 1457 1097 —-'possessionarii.
1497 1034 1629 1080 velut
1667 1036 1805 1085 arcis„

213 1099 399 1160 oppidi,
438 1100 609 1159 villae,
649 1102 938 1163 aliorumque
980 1102 1115 1161 hujus
1152 1106 1342 1162 generis
1385 1102 1610 1147 bonorum
1638 1105 1807 1146 immo-

210 1164 398 1223 bilium7
438 1166 568 1213 firmo
606 1170 713 1227 jure
748 1170 1055 1216 tenendorum
1091 1185 1116 1215 e
1143 1170 1295 1230 Regni
1332 1176 1587 1230 systemate
1615 1170 1801 1213 nonnisi

211 1232 405 1280 Nobiles
433 1242 566 1281 erant
605 1251 834 1297 capaces;
874 1241 1206 1298 quamprimum
1244 1240 1385 1296 igitur
1413 1236 1517 1282 Rex
1543 1238 1800 1296 quempiam

211 1300 374 1346 horum
413 1302 674 1350 istiusmodi
713 1308 1021 1365 possessione
1062 1312 1359 1358 muneratur.
1398 1319 1501 1349 eum
1535 1303 1626 1349 hoc
1653 1303 1796 1358 facto,

212 1368 272 1414 ad
310 1369 644 1429 possidendum
680 1371 906 1417 reddebat
941 1371 1164 1417 habilem:
1205 1371 1308 1416 ubi
1346 1366 1661 1431 Princep's
1699 1386 1729 1416 n
1747 1385 1806 1415 o-

211 1443 343 1482 ster
366 1462 434 1469 —
472 1439 619 1484 innuit
656 1439 956 1500 Tripartitum
980 1464 1047 1471 —
1073 1454 1100 1499 q
1116 1455 1145 1485 u
1166 1454 1247 1485 em
1264 1441 1424 1499 piam
1461 1442 1564 1498 jur
1582 1452 1607 1483 e
1657 1453 1684 1498 p
1705 1450 1731 1483 o
1749 1451 1804 1482 s-

212 1506 608 1550 sessionario
668 1506 1169 1563 condonaverit,
1227 1522 1354 1551 mox
1402 1506 1545 1564 ille„
1600 1512 1802 1551 statu-

211 1573 379 1616 tione
431 1571 719 1631 legitima
766 1572 1312 1639 subsequente*J‚
1351 1576 1403 1618 in
1441 1586 1646 1621 verum
1683 1571 1807 1616 No-

210 1636 399 1684 bilem
438 1647 697 1685 creatur
739 1640 791 1705 J.

268 1721 317 1774 ἢεῖ)
351 1720 395 1759 Si
439 1719 535 1759 huic
582 1720 918 1761 contradictione
976 1722 1189 1771 obvietur,
1247 1729 1284 1762 et
1333 1734 1458 1761 causa
1502 1719 1809 1761 contradicendi

327 1776 460 1816 evicta
490 1777 568 1825 sit,
611 1779 873 1818 donationem
906 1779 1051 1819 effectu
1084 1792 1246 1827 carere,
1295 1779 1509 1818 indubium
1542 1783 1629 1827 est;
1671 1782 1808 1815 utrum

327 1846 426 1873 vero
470 1833 569 1873 haec
610 1837 880 1875 contradictio
923 1849 1003 1875 una
1047 1836 1388 1876 Nobilitationem
1429 1835 1574 1875 reddat
1618 1830 1810 1873 irritam?

326 1889 521 1938 multum,
564 1903 609 1930 ac
641 1904 763 1942 saepe
805 1893 1026 1931 etiamnum
1061 1893 1102 1931 in
1144 1892 1332 1944 collegiis
1366 1892 1616 1942 disputatur.
1649 1890 1811 1940 Negant

329 1946 537 1998 plerique,
578 1953 615 1986 et
643 1946 714 2000 jus
758 1948 997 1987 conferendi
1027 1948 1294 1987 Nobilitatem
1336 1948 1521 1998 Principi
1552 1951 1807 1986 reservatum

328 2016 434 2049 esse,
467 2009 585 2054 atque
618 2017 664 2042 ex
696 2002 894 2056 Ejusdem
928 2005 1122 2043 duntaxat
1159 2004 1368 2043 voluntate
1403 2003 1624 2054 provenire
1655 2003 1809 2048 dicunt,

330 2072 430 2111 quae
453 2059 516 2098 vel
539 2073 611 2110 per
634 2061 893 2100 collationem
918 2061 1069 2100 similis
1091 2061 1306 2112 Privilegii
1332 2061 1586 2100 sufficienter
1609 2059 1809 2111 exprimi-

328 2123 420 2165 tur,
462 2117 596 2168 itaque
639 2118 897 2168 privatorum
943 2117 1279 2157 contradictione
1321 2141 1372 2147 —-
1415 2118 1547 2168 quoad
1587 2116 1809 2156 eorundem

330 2174 435 2213 Jura
466 2187 546 2213 non
592 2174 810 2214 laeduntur
841 2201 893 2206 —
937 2175 1153 2226 impediri,
1200 2175 1336 2213 minus
1379 2175 1509 2213 everti
1550 2173 1718 2225 poterit.
1758 2173 1812 2210 At

331 2232 401 2271 alii
434 2232 706 2282 respondent:
740 2233 871 2284 ipsam
903 2231 1004 2270 hanc
1035 2232 1243 2282 Principis
1276 2231 1528 2271 voluntatem
1561 2230 1689 2270 simili
1720 2227 1810 2267 col-

332 2288 477 2327 lationi
501 2289 752 2328 conditionis
774 2290 907 2328 instar
939 2301 1030 2327 esse
1053 2289 1305 2338 adstrictam,
1339 2288 1460 2340 inque
1483 2287 1667 2342 ejusdem
1689 2285 1810 2338 pleno

332 2345 559 2384 consistere
591 2345 788 2395 arbitrio,
844 2347 1131 2398 Impetrantem
1172 2346 1214 2386 in
1258 2345 1602 2385 Donationalibus
1635 2354 1809 2395 quoque,

333 2403 368 2440 si
412 2402 521 2441 istud
564 2403 748 2453 praecise
792 2403 914 2448 velit,
962 2404 1003 2442 in
1046 2417 1186 2443 verum
1235 2404 1364 2455 Regni
1408 2401 1599 2442 Nobilem
1641 2399 1810 2439 disertis

331 2459 471 2497 verbis
514 2471 665 2500 creare.
723 2461 810 2500 Nos
856 2461 957 2500 hanc
1002 2461 1123 2500 hodie
1166 2461 1430 2500 theoreticam
1484 2459 1636 2511 magis,
1693 2467 1810 2508 quam

331 2515 552 2565 practicam
599 2516 746 2556 thesim
794 2518 982 2558 lubenter
1027 2518 1121 2557 aliis
1168 2517 1476 2569 disquirendam
1517 2513 1810 2568 permittimus

258 2616 293 2659 a)
318 2619 357 2651 Ρ.
383 2620 409 2653 1.
436 2623 477 2652 tt.
506 2620 560 2653 13.
587 2624 623 2653 et
660 2632 735 2664 seq.
773 2624 918 2656 Confer.
953 2624 1055 2657 1715.
1084 2624 1115 2657 7.
1148 2626 1194 2657 et.
1221 2622 1254 2656 9.
1282 2623 1385 2656 1723.
1416 2621 1451 2654 9.
1477 2625 1513 2654 et
1537 2622 1593 2654 13.
1628 2619 1730 2655 1791.
1756 2618 1810 2651 56.

255 2664 290 2702 b)
319 2664 420 2699 1647.
450 2667 527 2699 122.
556 2668 655 2703 1655.
683 2671 736 2703 78.

257 2709 292 2753 c)
317 2713 356 2745 P.
381 2713 406 2746 1.
433 2716 473 2744 tt.
500 2713 554 2746 13.

258 2757 291 2794 d)
319 2760 359 2793 P.
384 2761 411 2793 1.
434 2763 474 2793 tt.
499 2760 555 2793 32.
581 2760 619 2793 P.
646 2762 690 2794 11.
720 2765 759 2794 tt.
786 2763 840 2795 11.
867 2765 902 2795 et
930 2763 984 2795 12.
1012 2763 1101 2796 adde
1129 2761 1231 2796 1563.
1259 2759 1315 2796 45.
1342 2765 1378 2795 et
1402 2759 1460 2794 46.
1485 2779 1531 2786 —
1557 2757 1659 2794 1647.
1686 2757 1763 2792 135.

259 2804 294 2847 θ)
318 2806 416 2841 Part.
441 2807 468 2840 1.
501 2809 542 2840 tt.
567 2804 600 2840 4·-
