1941 3143
1601 86 1696 136 127

111 200 332 250 sidendae
358 212 558 263 capaces
584 200 839 257 evaserint,
876 196 1043 258 reliqui
1079 195 1263 242 incolae
1297 192 1587 243 solummodo
1630 213 1691 244 ex

111 268 215 315 idea
240 269 398 315 herilis
424 270 688 330 potestatis,
725 267 803 314 vel
829 281 913 328 pro
954 262 1327 319 conditionibus,
1377 269 1531 308 mutua
1574 278 1696 311 con-

112 339 336 382 ventione
364 335 610 396 stipulatis,
651 334 939 379 considerari
981 332 1238 392 coeperint.
1272 329 1406 385 Quod
1433 331 1471 375 si
1509 331 1609 390 quis
1651 333 1697 376 in

113 405 381 448 memoriam
405 415 636 448 revocare
671 401 904 457 volucrit,
955 405 1000 443 et
1040 398 1096 442 ad
1135 397 1269 442 fidem
1302 397 1571 443 historicam
1607 398 1695 442 rite

115 472 308 529 exigere
326 504 338 526 ,
379 476 541 530 suapte
570 475 615 513 et
640 467 751 512 illud
776 468 1057 528 perspiciet:
1099 466 1260 510 stricto
1289 478 1432 510 sensu
1458 461 1696 508 Nobilita-

112 542 205 581 tem
243 536 496 596 hungaram
535 538 805 594 origetenus
846 546 1136 594 nequaquam
1175 531 1453 577 classem
1498 531 1698 590 privi-

112 602 421 663 legiatam
473 603 936 655 constituisse,
995 613 1211 645 verum
1261 596 1553 658 Populum
1603 597 1694 657 ip-

114 683 246 727 sum,
288 684 376 730 quo
426 671 612 714 nomine
654 683 754 713 eam
781 666 1070 712 Ve1·h6‹:zius
1110 664 1362 711 secundum
1388 663 1632 719 theoriam,
1672 677 1697 707 a

112 736 435 782 recentoribus
471 737 691 781 institutis
733 734 1089 793 divergentem,
1145 746 1206 776 ex
1244 733 1406 792 spiritu
1455 733 1695 790 primaeve

114 805 298 848 unionis
338 803 586 849 collective
621 802 812 848 vocavit
854 801 914 857 a),
968 814 1057 844 1166
1093 798 1290 843 eundem
1323 797 1696 842 hallucinationis

120 869 355 926 quusdam
395 884 502 916 esse
551 867 851 928 arguendum,
898 865 1021 926 quod
1054 867 1102 910 in
1140 871 1338 910 statuum
1376 877 1565 908 censum
1605 877 1697 907 non

120 939 328 995 quamvis
354 936 554 983 classem
579 936 828 992 hominum,
866 932 1020 980 natale
1056 931 1206 979 solum
1241 931 1508 988 colentium,
1547 928 1698 975 adnu-

121 1009 284 1048 meret.

841 1116 849 1126 .
894 1083 1003 1128 164.

222 1164 401 1211 ,llodus
431 1163 758 1222 percensenda·
790 1082 859 1209 αἱ
891 1162 1178 1221 qualitatem
1212 1164 1383 1207 Status
1418 1161 1591 1219 Requi.

251 1262 362 1306 Erat
386 1262 527 1318 igitur
552 1258 780 1304 Nobilitas
808 1259 1060 1305 essentiale
1086 1258 1239 1317 Regni
1266 1257 1472 1303 Statuum
1498 1255 1698 1301 attribu—

118 1336 228 1384 tum,
256 1329 329 1372 cui
366 1326 496 1372 velut
535 1324 831 1371 fundamento
867 1325 1038 1385 triplex
1072 1325 1234 1369 modus
1260 1323 1442 1384 patulus
1482 1330 1700 1369 evaserat

118 1395 281 1441 horum
319 1395 365 1439 in
402 1406 592 1438 censum
626 1391 948 1454 perveniendi.
1010 1391 1234 1437 Praelatis
1272 1392 1440 1451 quippe
1476 1389 1598 1436 istud
1639 1404 1700 1435 ex

119 1465 302 1508 ratione
342 1462 463 1507 sacri
497 1464 569 1506 sui
608 1461 843 1516 muneris,
896 1472 990 1504 non
1030 1457 1213 1518 quidem
1252 1471 1308 1503 eo
1359 1470 1517 1513 sensu,
1568 1458 1701 1517 quasi

122 1543 261 1576 causa
288 1527 482 1586 hujusce
508 1526 785 1588 proedriae,
825 1526 1140 1582 consecratio,
1191 1531 1268 1570 aut
1302 1523 1585 1581 benedictio,
1622 1522 1702 1569 vel

117 1595 404 1643 confirmatio
433 1596 595 1640 summi
620 1593 856 1640 Pontificis
883 1592 1024 1649 foret,
1068 1591 1192 1652 quod
1215 1591 1338 1637 belle
1376 1604 1477 1636 mos
1518 1596 1697 1647 nostra,

113 1664 390 1723 Patrumque
417 1663 639 1707 memoria
669 1663 888 1707 continuo
905 1659 1202 1716 observatus,
1229 1656 1511 1715 illustratr),
1537 1671 1702 1703 verum

115 1734 221 1792 quia
268 1737 317 1775 ut
355 1729 474 1774 tales
518 1744 543 1774 e
583 1728 738 1787 legum
772 1729 1064 1788 praescripto
1103 1724 1419 1770 communibus
1468 1722 1701 1769 Nobilium

116 1797 480 1859 praerogativis,
521 1801 657 1854 atque
685 1796 731 1839 in
758 1796 916 1854 specie
938 1795 1044 1851 jure
1073 1792 1278 1851 suffragii
1303 1793 1349 1836 in
1364 1790 1572 1836 Comitiis
1601 1805 1702 1835 cum

113 1864 306 1924 reliquis
344 1862 496 1920 Regni
530 1861 733 1908 Statibus
771 1860 1018 1921 pollerent.
1059 1858 1270 1905 Caeteris
1308 1863 1441 1903 extra
1467 1856 1553 1902 hos
1579 1871 1696 1918 per-

115 1933 243 1979 sonis
280 1928 590 1988 singularibus
632 1927 835 1973 attribuit
868 1926 1016 1983 istud,
1082 1933 1218 1986 atque
1258 1940 1349 1970 una
1391 1926 1437 1969 in
1476 1931 1697 1984 posteros

115 1997 320 2060 speciale
359 1995 539 2041 derivat
575 1994 876 2054 Privilegium
913 1993 1167 2054 Principis,
1233 1990 1615 2053 quemadmodum
1655 1996 1701 2036 et

117 2061 515 2111 communitatibus
542 2064 589 2106 in
610 2076 744 2106 unam
769 2074 1020 2122 personam
1044 2059 1270 2106 moralem
1318 2058 1545 2104 collectis.

172 2143 226 2198 ⁴⁴⁶)
259 2142 420 2182 Etenim
450 2141 687 2193 Hungariae
716 2140 910 2192 Praetaui,
942 2146 1029 2179 esto
1063 2153 1135 2191 per
1166 2141 1302 2179 sedem
1333 2139 1558 2178 Romanam
1589 2149 1699 2176 non-

232 2201 326 2238 dum
360 2197 612 2248 confirmati,
654 2211 742 2238 cum
787 2210 862 2236 sua
902 2198 950 2237 ab
991 2197 1100 2248 Rege
1140 2195 1381 2247 Apostolico
1422 2194 1700 2234 nominatione

230 2268 311 2295 non
342 2255 461 2293 modo
496 2254 649 2294 obtenti
679 2252 866 2294 beneficii
907 2253 1065 2293 reditus
1099 2253 1269 2300 tollunt,
1310 2264 1452 2291 verum
1484 2250 1699 2289 confestim

230 2324 305 2363 pro
335 2310 535 2351 Praelatis
576 2310 814 2363 Hungariae
856 2310 1080 2358 habentur,
1123 2309 1363 2359 Diaetisque
1402 2308 1630 2348 intersunt:
1664 2311 1704 2345 et

231 2369 328 2407 haec
370 2389 423 2396 —
467 2374 630 2419 praeter
673 2368 831 2407 reditus
879 2390 932 2398 —-
977 2367 1195 2418 obtingunt
1236 2366 1358 2404 etiam
1404 2363 1566 2411 electis,
1613 2363 1702 2402 sive

231 2423 523 2464 titularih
543 2437 604 2464 us
645 2425 706 2463 sic
737 2425 858 2463 dictis
897 2423 1143 2474 Episcopis‚
1187 2434 1380 2473 suprema
1409 2419 1620 2459 voluntate
1651 2419 1702 2457 ad

233 2480 469 2529 Dioeceses,
499 2480 668 2520 virtuali
700 2493 840 2519 sacrae
874 2479 1060 2519 Coronae
1088 2478 1176 2532 juri
1207 2478 1420 2525 obnoxias,
1450 2475 1702 2516 denomina-

234 2536 311 2584 tis,
349 2536 442 2576 licet
475 2536 737 2588 Episcopalis
780 2536 939 2575 ordinis
981 2542 1181 2586 potestate
1222 2536 1265 2574 in
1310 2533 1492 2573 Ecclesia
1537 2532 1702 2571 minime

235 2592 424 2642 polleant.
454 2593 486 2632 E
519 2601 658 2633 contra
699 2593 933 2633 Auxiliares
962 2592 1184 2643 Episcopi,
1225 2605 1249 2630 a
1289 2603 1447 2630 summo
1488 2588 1702 2636 Pontifice,

234 2654 277 2686 ut
310 2648 572 2689 Dioecesanis
604 2649 813 2704 adjutorio
846 2650 950 2697 sint,
982 2650 1033 2688 in
1062 2648 1322 2688 Partibus
1355 2645 1442 2699 (sic
1473 2645 1570 2685 stilo
1611 2644 1700 2684 Cu-

235 2704 320 2742 riae
351 2703 554 2744 Romanae
585 2708 899 2760 nuncupantur)
932 2705 1247 2746 infidelium
1277 2704 1418 2755 creati,
1448 2715 1495 2743 ac
1526 2701 1699 2742 subinde

166 2818 202 2860 ¹·)
228 2820 266 2851 P.
293 2820 325 2852 2.
352 2823 390 2855 it.
417 2819 450 2854 4.
