1941 3143
202 102 297 149 110

202 214 381 270 sumtiS,
420 213 604 259 minime
633 211 900 258 decessisse
941 211 1208 258 censendus
1236 219 1324 270 est,
1365 213 1538 274 quibis
1575 228 1660 276 per
1699 226 1791 259 ex-

198 295 412 343 pressum
463 283 739 337 reservatis,
779 278 1011 336 obj⁰ctum
1053 279 1238 340 aliquod
1275 280 1426 341 Regni
1455 280 1662 328 Comitiis
1691 280 1792 327 dis-

202 348 477 394 cutiendum·
510 348 762 404 submittit,
813 346 869 391 ad
896 346 1019 406 quod
1046 349 1145 392 sine
1174 362 1404 409 expresso
1432 350 1577 410 Regis
1604 355 1793 406 annutu,

201 418 539 477 sanctioneque
580 429 811 476 suprema,
847 428 1001 474 neque
1028 417 1259 476 supponi,
1297 430 1450 477 neque
1478 418 1794 465 intervenisse

206 483 318 529 Jure
344 482 590 545 praetendi
618 496 817 543 unquam
842 488 1011 543 potest.

892 679 944 735 ὃ.
984 682 1095 728 504.

206 792 430 838 Faceres
463 791 748 850 peculiares
776 793 1094 847 Decentibzes,
1130 793 1548 854 &cedentibusque
1578 808 1673 854 per
1709 795 1799 840 Le-

843 873 933 917 ,qes
970 861 1153 906 tributi.

339 971 469 1017 Ultra
523 971 686 1018 allatas
736 971 870 1031 leges
922 979 1111 1018 exstant
1159 972 1307 1019 adhuc
1345 973 1629 1035 complures,
1679 987 1798 1034 quae

208 1039 400 1085 favores
428 1039 691 1099 peculiares
718 1041 946 1096 scientiiS,
974 1039 1227 1101 harumque
1254 1040 1509 1086 cultoribus
1536 1040 1798 1097 tribuendo,

207 1108 459 1151 retroactis
488 1110 627 1151 etiam
654 1105 942 1167 temporibus
968 1107 1257 1168 praeclaram
1285 1108 1372 1153 hac
1398 1111 1443 1154 in
1468 1115 1600 1169 parte
1615 1108 1800 1154 Patrum

205 1180 473 1219 nostrorum
516 1172 875 1219 sollicitudinem
928 1173 1264 1221 demonstrant.
1336 1176 1415 1222 Sic
1446 1177 1541 1234 jam
1588 1183 1800 1236 tempore

209 1240 456 1285 electionis
482 1239 684 1286 Mathiae
712 1240 922 1298 Corvini,
951 1255 1088 1302 quum
1114 1242 1170 1288 de
1188 1244 1453 1304 praecipuis
1472 1243 1632 1289 Gentis
1649 1242 1802 1287 Prae-

207 1309 438 1367 rogativis
466 1310 818 1365 conveniretur,
859 1310 1124 1369 stipulatum
1149 1312 1318 1356 visitur
1359 1310 1427 1368 ³]:
1467 1317 1516 1355 ut
1542 1325 1566 1354 a
1593 1309 1803 1366 decimis,

208 1382 255 1420 et
281 1375 489 1431 teloniis,
529 1383 667 1436 prout
691 1383 828 1422 vetus
855 1375 1010 1436 Regni
1051 1377 1345 1423 consvetudo
1383 1378 1607 1438 requirit,
1647 1376 1802 1423 Scho—

207 1442 333 1487 lares
373 1445 548 1502 pariter
589 1446 684 1489 sint
719 1445 959 1489 immunes.
1055 1443 1251 1490 Adhaec
1285 1446 1469 1505 quoties
1510 1443 1613 1489 fere
1650 1444 1804 1503 Regni

209 1509 513 1566 Insurrectio,
552 1510 631 1555 vel
657 1511 919 1556 militarium
946 1511 1182 1571 Tyronum
1210 1514 1399 1558 statutio
1440 1514 1486 1557 in
1511 1511 1677 1557 Diaeta
1715 1510 1804 1555 de-

212 1575 508 1631 cernebatur,
547 1577 773 1635 Studiosi,
813 1592 867 1623 ac
891 1577 1198 1624 Professores
1226 1579 1280 1624 ab
1320 1579 1411 1624 hoc
1446 1592 1592 1625 onere
1628 1591 1804 1639 perso-

183 1642 306 1689 'nali
336 1645 507 1688 exemti
547 1643 680 1690 fuere
724 1642 794 1710 ¹³),
856 1645 935 1691 vel
978 1652 1106 1691 certe
1150 1660 1258 1692 esse
1306 1645 1632 1692 censebantur.
1705 1643 1807 1690 Nec

211 1712 381 1756 minori
418 1710 584 1756 favore
644 1714 938 1758 exemtiones
988 1712 1165 1760 similes
1212 1713 1401 1759 aedibus
1453 1710 1742 1759 scholaribus
1781 1725 1805 1755 a

215 1792 362 1823 censu
389 1777 554 1823 domali
599 1779 658 1837 ⁰),
687 1794 711 1824 a
739 1780 985 1840 quarteriis
1003 1780 1194 1826 militum
1221 1795 1480 1827 concessae
1523 1777 1592 1837 ¹¹):
1621 1784 1667 1824 et
1691 1792 1805 1836 gra-

213 1847 287 1892 vis
324 1847 371 1891 in
409 1845 516 1891 illos
567 1860 749 1906 poena,
791 1849 866 1908 qui
906 1847 989 1892 has
1029 1862 1263 1910 occupare
1304 1848 1556 1904 auderent,
1593 1858 1806 1906 pronun-

216 1915 336 1958 ciata
363 1912 480 1968 fuit3
520 1927 577 1958 eo
605 1928 819 1974 quoque,
857 1922 906 1960 ut
932 1915 1142 1960 Litterati
1184 1929 1269 1974 pro
1298 1912 1628 1973 consequenda
1654 1909 1809 1956 Nobi—

216 1980 346 2025 litate
375 1980 771 2036 commendentur,
810 1981 1109 2041 peculiariter
1146 1980 1373 2025 ressexum
1400 1981 1592 2025 exstitit.
1621 1978 1690 2022 De
1718 1991 1810 2022 nu—

218 2047 419 2091 merosis
446 2045 628 2104 legibus
656 2046 919 2092 dotationes
953 2046 1144 2092 salutari
1171 2046 1275 2091 huic
1301 2046 1378 2092 fini
1405 2046 1646 2106 speciatim
1674 2043 1811 2088 dedi-

220 2119 348 2158 catas
383 2113 742 2172 respicientibus
785 2114 845 2171 ⁰),
883 2128 976 2159 non
1015 2112 1190 2170 habeo,
1243 2114 1367 2174 quod
1404 2112 1614 2171 adjiciam
1653 2110 1709 2156 ad
1739 2125 1813 2165 ea,

223 2194 342 2241 quae
369 2181 492 2224 circa
517 2180 617 2240 pias
658 2180 956 2227 fundationes
996 2181 1041 2226 in
1080 2195 1275 2241 genere,
1339 2180 1501 2242 Capite
1551 2177 1814 2224 immediate

228 2246 547 2308 praecedenti,
585 2246 800 2295 disserui.

267 2477 300 2518 ⁸)
329 2478 428 2512 1458.
458 2479 511 2512 10.

268 2547 303 2587 b)
330 2548 402 2580 Pro
429 2546 593 2588 exemplo
624 2547 723 2579 1808.
750 2547 781 2579 2.
807 2546 837 2589 §.
864 2548 895 2579 7.

272 2615 308 2660 c)
335 2615 437 2648 1598.
462 2613 496 2647 4.

271 2679 306 2719 δ)
334 2683 434 2715 1715.
459 2679 516 2714 43.
543 2678 571 2722 ς.
599 2682 630 2714 5.

280 2750 308 2790 ⁰)
340 2751 456 2783 Praet.
484 2760 580 2791 supr.
602 2749 660 2781 cit.
678 2750 753 2787 leste
782 2750 880 2783 1723.
907 2751 961 2782 70.
985 2754 1019 2781 ot
1044 2751 1120 2782 105.
1152 2766 1188 2772 —-
1218 2749 1318 2781 1729.
1347 2750 1399 2781 17.
1425 2766 1470 2771 —
1497 2747 1597 2781 1741.
1623 2746 1678 2780 43.
1710 2750 1745 2778 et
1765 2745 1819 2778 [tlt.

339 2815 379 2820 —-
407 2799 507 2829 1751.
543 2798 599 2828 21.
628 2813 669 2815 Ἀ
700 2796 798 2829 1761.
839 2798 891 2830 13.
924 2814 969 2818 ή-
998 2797 1096 2829 1790.
1131 2797 1185 2828 23.
1222 2800 1256 2827 ot
1289 2796 1345 2828 26.
1373 2815 1416 2820 —
1451 2796 1554 2828 1802.
1582 2793 1622 2835 ν41».
1645 2810 1691 2819 ·--
1716 2793 1819 2827 1808.

339 2845 370 2875 7.
398 2847 433 2874 et
458 2844 488 2875 8.
515 2846 550 2874 et
576 2842 672 2874 aliae.
907 2865 910 2868 .
