1941 3143
1599 77 1695 124 213

111 196 211 252 ἨΝ)
244 194 372 235 Cavet
399 192 441 232 in
474 191 610 243 specie
631 192 849 231 Decretum
877 190 986 232 Anni
1019 188 1139 231 1548.
1162 187 1208 245 ⁸)
1240 200 1320 237 „ne
1352 185 1463 225 ullus
1486 185 1693 226 Domino-

224 263 357 301 ‚‚rum,
398 255 437 288 et
466 248 798 299 Regniefflarum,
830 261 876 287 ac
905 247 1318 287 Possessionatorum
1358 249 1474 281 taxas
1505 249 1696 283 extraor-

222 305 434 358 „dinarias
460 305 609 355 exigat,
639 311 708 343 aut
739 317 805 343 res
829 304 1067 344 colonorum
1101 315 1270 342 suorum
1296 298 1497 339 violenter
1523 300 1697 340 auferat.

223 362 304 414 „Ut
328 375 451 414 porro
474 361 608 400 coloni
632 374 706 412 pro
733 361 892 400 delictis
915 373 1101 412 poenam,
1128 358 1224 413 jure
1257 359 1473 402 decretam,
1506 355 1694 404 subeant,

225 431 370 471 „nemo
401 418 490 457 sine
524 417 753 457 manifestis
786 418 970 465 delictis,
1003 423 1040 456 et
1084 415 1321 455 excessibus
1353 411 1543 451 colonum
1574 423 1693 451 suum

225 477 296 528 „in
327 488 526 523 carceres,
558 475 621 514 vel
653 474 816 514 vincula
847 473 1066 528 conjicere,
1098 479 1167 512 aut
1198 472 1307 521 aliis,
1340 468 1534 509 fortassis
1573 468 1696 508 etiam

229 531 501 588 „majoribus‚
525 531 777 572 cruciatibus
809 531 971 572 afficere
1003 530 1182 584 possit.“

805 622 852 677 ὃ.
894 622 1004 669 306.

309 713 349 757 Α
386 719 610 767 tempore
647 706 963 753 introductae
998 705 1250 765 reyzclarz's
1287 703 1509 751 militiae.

251 791 357 838 Non
400 789 638 849 evagabor
670 790 766 846 Jam
803 788 924 833 ultra
967 803 1052 849 per
1091 787 1298 847 singulas
1341 783 1700 830 domesticorum

118 860 346 905 annalium
392 857 614 919 periodos
664 855 720 900 ad
767 855 954 901 uberius
1003 854 1365 916 exquirendum„
1399 849 1616 912 quando„
1657 855 1704 894 et

119 928 280 986 quales
317 923 663 971 vicissitudines
689 923 1069 968 numerosissima
1103 922 1220 967 haec
1254 920 1511 966 incolarum
1537 916 1702 963 classis

121 993 341 1048 subierit‚
382 997 494 1052 quot
530 1004 582 1034 re
619 992 719 1050 ipsa
760 1005 844 1050 per
882 991 1014 1036 vices
1054 992 1101 1035 in
1144 989 1379 1049 Hungaria
1418 985 1704 1032 Colonorum

121 1061 322 1119 species,
351 1066 396 1104 et
422 1071 539 1119 quae
567 1056 654 1102 alia
681 1070 764 1116 pro
793 1071 922 1101 more
948 1059 1120 1118 passim
1145 1071 1230 1118 per
1255 1056 1523 1101 universam
1542 1051 1703 1097 Euro-

119 1139 222 1185 pam
247 1128 438 1184 vigente
473 1124 655 1169 illorum
681 1122 822 1169 fuerit
847 1123 903 1169 ad
929 1123 1174 1170 Dominum
1207 1129 1481 1168 terrestrem
1518 1119 1704 1176 relatio,

119 1194 282 1252 partim
309 1190 635 1246 anterioribus7
661 1205 849 1249 quarum
875 1192 1121 1237 nonnullas
1147 1193 1193 1236 in
1220 1189 1475 1236 continenti
1491 1186 1705 1232 adduxe-

118 1273 242 1315 ram,
280 1258 461 1316 legibus
508 1259 694 1307 innixaq
745 1264 822 1301 aut
872 1272 932 1302 ex
967 1261 1149 1304 ratione
1190 1256 1480 1302 defensionis
1522 1254 1704 1299 Patriae

119 1325 360 1385 adoptata3
400 1323 594 1369 adverto
624 1323 774 1368 solum
800 1325 1046 1382 insignem,
1085 1326 1326 1385 magisque
1358 1323 1706 1369 determinatam

119 1394 241 1438 circa
282 1398 449 1437 statum
487 1390 671 1436 civilem
706 1390 1004 1436 Rusticorum
1053 1393 1368 1438 intervenisse
1406 1393 1706 1435 mutationem

121 1459 176 1505 ab
201 1458 279 1504 illa
303 1458 385 1504 vel
419 1459 617 1503 maxime
657 1457 867 1518 epocha,
906 1473 994 1518 qua
1031 1459 1164 1504 miles
1210 1458 1387 1504 stabilis
1433 1456 1620 1515 colligi„
1659 1461 1707 1500 et

118 1526 396 1572 contributio
427 1531 652 1586 perpetua
694 1527 821 1584 exigi
862 1532 1109 1586 coeperat3
1163 1525 1328 1571 abinde
1369 1526 1490 1570 enim
1526 1523 1706 1582 Reges,

117 1596 338 1654 primum,
389 1599 435 1637 et
472 1598 580 1652 post
616 1592 750 1638 brevi
788 1595 888 1653 ipsa
930 1607 1025 1638 non
1062 1595 1210 1638 minus
1251 1593 1403 1651 Regni
1445 1590 1640 1637 Comitia
1679 1603 1705 1634 e

117 1659 374 1706 rationibus
401 1660 622 1720 politicis,
649 1666 695 1704 et
721 1662 1037 1706 oeconomicis
1062 1660 1144 1705 Jus
1172 1659 1401 1720 quoddam
1427 1659 1559 1719 quasi
1583 1656 1703 1701 hae-

117 1728 383 1773 reditarium
408 1726 531 1786 plebi
559 1726 824 1771 tributariae
858 1727 1214 1782 confirmarunt3
1253 1725 1530 1771 addixerunt
1554 1737 1698 1784 porro

118 1809 207 1840 nec
235 1796 370 1839 unius
410 1794 617 1852 generis„
656 1808 744 1838 nec
779 1794 987 1852 vulgaris
1029 1793 1421 1839 considerationis
1461 1790 1705 1847 beneficia,

118 1874 483 1922 operarumque,
523 1875 578 1905 ac
613 1875 782 1905 census
819 1861 1013 1907 domalis
1051 1864 1447 1922 praestationem,
1484 1860 1700 1918 utrinque

120 1926 476 1984 observandam,
515 1927 571 1971 ad
597 1934 785 1983 certam‚
813 1942 867 1972 ac
892 1927 1125 1973 definitam
1155 1927 1364 1987 regulam
1404 1931 1705 1983 revocarunt,

120 2010 203 2055 per
240 2008 475 2049 normam,
508 2009 642 2054 quarn
680 1994 734 2039 ab
776 1994 992 2041 obsoleto
1033 1996 1176 2041 latino
1204 1994 1359 2050 Urbo5
1396 1994 1475 2041 vel
1500 1992 1702 2050 Urburo,

120 2061 319 2120 indeque
356 2075 579 2119 germano
618 2061 819 2114 urban
858 2063 998 2108 multa
1036 2061 1439 2109 verisimilitudine
1465 2060 1705 2106 Urharium

123 2127 298 2171 dixere.
327 2126 533 2171 Similem
560 2142 680 2173 anno
707 2135 867 2189 utpote
898 2132 1040 2177 1737.
1070 2128 1265 2175 Carolus
1280 2129 1470 2185 Caesar,
1496 2127 1588 2173 hoc
1613 2143 1706 2173 no-

123 2195 243 2305 mgnde
281 2192 485 2251 Sextus,
532 2196 578 2240 in
617 2203 791 2241 certum
829 2196 1046 2258 Systema
1080 2196 1315 2243 redactam
1341 2209 1426 2259 pro
1455 2195 1707 2243 Sclavonia

123 2274 148 2305 e
183 2261 195 2304 i
232 2264 345 2305 erat,
383 2285 450 2292 ——

814 2361 862 2416 ᾗ.
902 2361 1014 2408 307.

548 2443 644 2487 Per
685 2443 951 2490 Urbarium
990 2450 1285 2505 cumprimis.
1352 2473 1355 2476 -

258 2521 554 2567 Postmodum
579 2523 792 2582 Augusta
819 2525 953 2582 hujus
980 2526 1093 2573 Filia
1127 2530 1427 2589 congregatis
1470 2529 1532 2574 A⁰
1582 2518 1716 2575 1764Ι

125 2588 275 2647 Regni
324 2588 526 2633 Slatihus
577 2592 897 2648 provisionem
945 2592 1079 2652 hujus
1128 2598 1318 2654 generis
1363 2596 1705 2651 elaborandam„

124 2655 321 2715 legeque
357 2654 648 2700 muniendam
673 2661 917 2719 proposuit
959 2659 1014 2715 b).
1055 2661 1282 2709 Adhaesit
1316 2669 1472 2710 eotum
1503 2663 1704 2709 salutare

159 2766 188 2804 a)
219 2768 293 2798 Art.
319 2766 373 2798 39.
398 2765 452 2800 40.
479 2765 519 2799 41

162 2811 194 2853 b)
222 2812 300 2847 vid.
326 2815 417 2847 Acta
444 2813 569 2848 Comit.
597 2814 699 2849 1762.
