1941 3143
1590 97 1681 144 161

98 215 283 257 rantur„
323 206 533 266 ambigua
573 208 770 255 tolleret
811 215 948 268 atque
983 204 1182 266 provido
1219 211 1585 267 temperamento
1626 209 1684 255 ad

97 290 148 321 se
175 276 375 320 invicem
403 274 656 320 conciIIare
684 275 924 320 adlaboret
945 308 957 331 ‚
995 272 1171 320 verbo:
1211 280 1260 318 ut
1295 288 1396 318 eam
1423 274 1479 319 ad
1506 274 1682 322 firmis-

96 345 256 388 simum
282 342 460 401 Regem
488 344 633 389 inter*
674 356 726 386 ac
753 343 975 403 Populum
1002 340 1196 385 fiduciae
1222 342 1457 386 vinculum
1485 343 1681 401 amplius

94 409 472 469 adstringendum
509 408 751 465 adhibeat,
803 425 892 470 quo
944 409 1130 454 nonnisi
1183 407 1334 453 fauste
1374 411 1682 468 persistente,

92 476 242 522 fausta
269 477 406 522 stabit
445 477 666 536 deinceps
693 475 926 536 Hungaria
951 492 963 531 3
991 475 1099 536 quid
1139 477 1226 520 ista
1252 475 1524 521 Mediatoris
1559 490 1680 537 pro-

89 545 241 589 vincia
274 543 464 603 fulgori„
504 558 799 603 summaeque
828 545 1005 602 Regiae
1036 542 1296 600 Majestatis
1325 544 1548 603 potestati
1581 543 1672 588 de-

92 625 287 672 cerpere
323 611 568 671 aliquando
595 610 839 667 valuisset„
877 610 984 672 quid
1009 609 1161 669 Regni
1199 610 1391 656 obesset
1423 609 1677 656 felicitati?

93 681 131 724 si
164 679 221 723 ad
254 686 446 735 rectam⁷
495 685 631 738 atque
666 681 912 737 genuinam
956 683 1123 722 metam
1164 677 1374 735 ejusdem
1412 679 1679 739 respiciam,

91 760 283 806 prorsus
324 761 418 791 non
460 747 706 806 concipi03
744 760 848 790 nam
876 744 1037 801 abusm
1080 758 1165 789 seu
1195 744 1456 802 malitioso,
1498 759 1583 790 seu
1622 745 1681 791 ob

93 812 322 858 desectum
352 821 557 859 maturae
599 812 749 858 solum
790 813 1130 873 experientiae„
1174 811 1503 856 accedentibus
1534 826 1680 871 prae-

94 882 249 923 sertim
275 882 522 925 malesanis
551 877 786 935 Consiliisff
829 881 1037 924 instituta
1078 892 1350 939 quaequae„
1390 880 1672 938 aequissima

95 960 259 992 secus*
298 954 341 991 et
377 947 617 991 utilissima
657 946 713 990 ad
741 946 933 991 ciendos
971 947 1141 990 noxios
1184 953 1382 992 eventus
1434 959 1670 1006 persaepe

95 1012 361 1072 detorqueri
398 1019 619 1073 possunt„
657 1020 701 1057 at
739 1013 859 1058 istud
900 1027 994 1057 non
1041 1014 1127 1068 rei„
1164 1027 1328 1059 verum
1371 1012 1672 1071 abutentium,

93 1078 374 1139 abusumque
404 1094 496 1124 non
522 1079 886 1124 refraenantium
921 1080 1082 1124 vitium
1110 1086 1196 1124 est.

118 1157 163 1210 ²⁵)
194 1160 257 1198 Ad
279 1159 380 1198 hanc
408 1161 557 1211 quippe
584 1161 875 1200 Mediationem
897 1160 1090 1199 allusisse
1113 1160 1276 1200 videtur
1292 1162 1478 1200 Andreas
1491 1162 1560 1210 11„
1586 1167 1677 1202 sta-

201 1217 351 1254 tuendo
385 1224 462 1254 art.
504 1216 572 1254 31.
612 1217 807 1267 palmaris
839 1218 902 1256 sui
938 1217 1129 1255 Decreti:
1191 1217 1274 1266 „Ut
1314 1217 1437 1271 hujus
1470 1218 1679 1269 exemplar

201 1272 448 1322 „septimum
483 1274 590 1322 apud
613 1273 858 1321 Palatinum,
890 1274 958 1324 qui
978 1286 1052 1324 pro
1081 1280 1263 1324 tempore
1301 1275 1448 1322 fuerit,
1479 1288 1675 1314 reserve—

199 1334 307 1377 ,‚tur.
353 1328 414 1366 Ita
442 1330 549 1379 quod
578 1329 708 1379 ipsam
743 1330 991 1380 scripturam
1023 1343 1185 1380 semper
1210 1344 1307 1382 prae
1340 1332 1471 1371 oculis
1506 1332 1677 1380 liabens,

199 1397 301 1434 „nec
331 1385 420 1435 ipse
450 1385 583 1424 deviet
605 1385 646 1424 in
671 1385 808 1436 aliquo
842 1386 1166 1437 praedictorum,
1198 1400 1271 1427 nec
1296 1388 1461 1441 Regem,
1499 1388 1559 1428 vel
1583 1389 1676 1429 No-

199 1440 348 1492 „biles,
378 1454 450 1481 seu
475 1441 581 1482 alios
605 1443 834 1482 consentiat
858 1443 1066 1484 deviare.“

789 1517 835 1572 ξ.
877 1517 989 1563 220.

591 1601 663 1646 Ac
697 1599 893 1659 reliqua
912 1599 1140 1658 politica.

219 1680 491 1726 Monueram
530 1682 674 1730 alias„
724 1697 807 1741 per
854 1681 990 1740 leges
1028 1681 1295 1742 penultimis
1338 1680 1420 1726 sub
1462 1680 1671 1728 Comitiis

85 1747 312 1804 conditas„
351 1750 502 1792 munia
536 1748 889 1807 Magistratuum
932 1749 1220 1808 publicorum
1261 1749 1552 1808 primigenia,
1592 1750 1672 1796 vel

84 1817 234 1860 serius
262 1814 412 1860 addita
440 1814 691 1874 palmarem
720 1816 883 1861 tulisse
911 1817 1227 1873 mutationem,
1254 1830 1313 1861 ne
1340 1817 1494 1877 itaque
1523 1831 1670 1877 prae-

83 1882 373 1943 occupando,
402 1897 519 1941 quae
547 1886 642 1927 suis
672 1883 787 1928 locis
816 1890 1035 1943 repetere
1063 1889 1321 1943 oporteret,
1350 1882 1466 1928 etab
1486 1884 1668 1942 ordine,

83 1963 323 2011 scopoque
350 1949 457 1994 mihi
483 1952 760 2009 praestituto
790 1949 1100 2007 deflectendo,
1129 1950 1251 1995 filum
1279 1949 1551 1995 historicum
1578 1951 1667 1996 ab-

81 2031 302 2078 rumpam‚
339 2023 504 2062 vetera
531 2017 773 2062 enarrabo.
813 2013 869 2062 Et
901 2019 989 2063 ista
1030 2017 1242 2077 quidem‚
1279 2031 1397 2078 quae
1425 2020 1548 2063 circa
1575 2034 1667 2079 pu-

81 2082 246 2128 blicam
272 2083 713 2130 administrationem
739 2084 946 2130 Palatino
976 2085 1147 2144 Leges„
1176 2091 1222 2130 et
1249 2083 1549 2131 Consvetudo
1578 2089 1667 2131 tri-

80 2148 290 2206 buerant2,
330 2150 568 2196 commode
596 2152 652 2197 ad
689 2152 952 2213 politicam,
984 2153 1253 2209 militarem„
1293 2159 1339 2197 et
1373 2152 1666 2210 judiciariam

86 2219 407 2262 auctoritatem
438 2219 690 2265 revocabo.
720 2219 1017 2265 Politicorum
1045 2222 1251 2280 speciem
1276 2227 1662 2280 repraesentant:

81 2282 114 2327 l.
143 2284 425 2329 Praesidium
451 2287 496 2330 in
532 2286 683 2345 Regni
719 2286 1064 2344 Convengus„
1114 2289 1356 2347 speciatim
1409 2288 1456 2332 in
1491 2288 1666 2334 Tabula

80 2349 356 2404 Procerum„
411 2359 457 2397 et
489 2353 544 2397 ad
580 2353 776 2413 Regium
813 2353 1242 2399 Locumtenentiale
1284 2352 1551 2400 Consilium.
1605 2355 1661 2400 II.

83 2416 303 2477 Suprema
339 2418 529 2477 Cassae7
572 2427 618 2466 et
657 2420 853 2466 Archivi
878 2421 1031 2480 Regni
1066 2436 1192 2479 cura,
1230 2436 1291 2466 ex
1325 2435 1414 2481 quo
1452 2424 1662 2482 petenti-

82 2481 165 2526 bus
191 2485 461 2532 Transumta
491 2488 857 2547 expediebantur
899 2490 958 2546 ³).
995 2487 1073 2533 ΙΙΙ.
1102 2488 1185 2534 Jus
1213 2488 1396 2534 dativos
1432 2488 1662 2549 largiendi

84 2548 280 2596 Tutores
322 2552 380 2610 ¹³).
422 2553 499 2598 IV.
518 2555 729 2615 Denique
758 2555 881 2615 quod
905 2558 950 2601 in
979 2555 1133 2601 arduis
1148 2557 1352 2615 negotiis
1380 2570 1465 2616 per
1482 2556 1659 2615 Regem

82 2629 142 2660 ex
180 2616 283 2675 lege
311 2621 368 2664 sit
394 2622 706 2668 consulendus
750 2624 803 2679 ⁰).

119 2728 151 2761 ἢ)
179 2728 277 2759 1622.
303 2730 357 2762 31.

119 2770 151 2806 t*›
181 2774 279 2806 1659.
306 2775 359 2807 30.
384 2794 428 2798 —
452 2779 554 2811 1715.
579 2781 631 2812 68,
659 2778 687 2819 ᾗ.
714 2780 776 2815 ult.
803 2781 905 2813 1765.
931 2781 987 2813 26.

118 2821 150 2858 e)
180 2818 278 2852 1741.
307 2823 359 2854 11.
385 2821 413 2863 §.
440 2825 470 2857 3.
498 2826 600 2859 1790.
626 2827 679 2859 17.

1344 2873 1400 2916 11
