1941 3143
172 119 238 166 88

167 229 407 278 Uladislao
451 230 492 287 ¹¹)
522 229 843 293 Michaeleque
871 231 1110 295 Szilagyio
1137 248 1221 296 pro
1246 233 1414 281 Mathia
1436 235 1638 283 Corvino
1661 234 1765 282 Ne-

168 306 279 362 pote
321 297 365 357 ¹³)
394 298 472 345 vel
501 314 601 343 cum
629 303 777 360 primo
807 299 863 345 ad
891 301 1208 362 capessendas
1248 301 1453 349 habenas
1483 307 1526 349 in
1553 304 1765 365 Regnum

170 367 392 423 adventu„
433 366 553 427 quod
582 367 822 413 Ladislaus
851 368 905 413 V.
954 370 1013 426 ⁰),
1042 369 1304 416 Uladislaus
1333 370 1387 416 ΙΙ.
1433 369 1494 429 d)‚
1516 372 1763 434 Generque

171 440 304 483 istius
332 433 652 479 Ferdinandus
674 434 707 479 Ι.
754 436 794 494 ²]
825 443 1037 496 egerunt.
1068 437 1161 484 Sed
1187 454 1210 483 a
1239 438 1438 485 Mathiae
1467 439 1521 484 ΙΙ.
1553 447 1762 503 tempore

170 504 395 558 invaluit,
436 509 483 546 ut
526 501 633 547 illud
670 519 780 549 mox
817 512 923 550 ante
952 504 1314 552 Coronationem
1353 507 1470 568 Regi
1511 517 1767 571 acceptan—

172 572 276 618 dum
304 571 460 617 Status
487 577 819 630 praesentent,
858 581 1024 633 postea
1052 574 1106 619 ab
1133 574 1220 621 hoc
1247 591 1381 621 manu
1408 590 1489 621 sua
1518 580 1764 638 signatum,

173 639 423 702 sigilloque
450 639 697 698 munitum,
736 639 941 688 Decreto
970 641 1163 690 subinde
1192 643 1499 692 inserendum.

861 812 909 867 ς.
956 813 1062 859 103.

563 909 743 966 Quibus
767 909 919 957 hodie
947 922 1138 958 constet
1164 911 1390 959 arte‘cm'e‘s
1410 916 1432 955 :e

313 1021 590 1070 Absolvitur
644 1030 796 1068 autem
833 1025 877 1067 in
919 1022 1041 1067 diem
1081 1021 1351 1067 hodiernam
1403 1023 1589 1070 celebre
1630 1025 1776 1073 hocce

172 1092 459 1140 Palladium:
510 1090 647 1150 idque
688 1088 743 1134 ab
788 1096 941 1134 aetate
987 1089 1205 1135 Caesaris
1247 1089 1400 1136 Caroli
1442 1091 1518 1136 Vl.
1570 1094 1775 1140 articulis

175 1164 393 1222 quinque.
448 1157 739 1203 Pollicentur
780 1159 951 1219 quippe
995 1157 1154 1217 Reges
1195 1157 1282 1203 fide
1323 1160 1598 1219 interposita
1639 1160 1671 1205 Ι.
1714 1162 1774 1207 Se

174 1237 265 1275 tam
310 1229 691 1282 coronationem.)
732 1240 866 1286 quam
906 1227 1154 1272 universas
1194 1228 1328 1286 regni
1367 1225 1635 1278 libertates„
1686 1231 1777 1275 im-

175 1298 460 1351 munitatesff
500 1294 781 1356 privilegia9
823 1300 993 1339 statuta
1034 1297 1323 1351 communia7
1357 1294 1495 1351 jura,
1535 1294 1687 1355 leges7
1731 1304 1777 1342 et

177 1363 543 1411 consuetudines
585 1362 810 1408 hactenus
848 1376 1135 1419 concessas,
1176 1363 1314 1421 inque
1354 1360 1555 1408 futurum
1597 1378 1777 1410 conce-

180 1433 355 1480 dendas
381 1457 448 1464 -—
483 1429 676 1476 exclusa
712 1429 933 1476 Andreae
961 1427 1034 1475 II‘li
1091 1429 1298 1475 clausula
1328 1429 1427 1488 „de
1453 1431 1777 1478 resistendi

178 1500 535 1562 „facultate“
563 1525 631 1531 ——
658 1497 1024 1555 observaturos,
1064 1497 1367 1558 facturosque
1407 1511 1490 1558 per
1527 1497 1643 1544 alios
1671 1514 1777 1545 om-

175 1584 262 1617 nes
288 1566 622 1615 inviolabiliter
653 1566 914 1613 observari.
961 1566 1017 1612 ΙΙ.
1046 1566 1199 1626 Regni
1234 1561 1465 1611 Coronam
1491 1580 1578 1626 per
1604 1570 1777 1613 unani-

175 1642 311 1685 miter
338 1652 398 1682 ex
424 1650 587 1681 eorum
612 1634 765 1680 medio
789 1669 801 1691 v
844 1637 944 1680 sine
973 1634 1238 1680 discrimine
1265 1633 1508 1694 religionis
1527 1668 1539 1690 a
1569 1633 1777 1680 delectas

175 1718 407 1770 personas
448 1706 568 1749 intra
607 1702 776 1748 limites
804 1702 957 1762 Regni
984 1708 1367 1749 conservaturos.
1403 1727 1470 1734 ——
1507 1700 1585 1746 III.
1614 1702 1777 1748 Recu-

174 1781 372 1837 perata‚
412 1777 489 1817 aut
531 1771 754 1832 deinceps
788 1770 1112 1832 recuperanda
1138 1770 1319 1830 Regni,
1367 1768 1663 1831 Partiumque
1691 1769 1778 1816 ad—

176 1856 405 1890 nexarum
456 1847 615 1886 tenuta
655 1839 922 1899 Hungariae
963 1838 1019 1884 de
1071 1845 1168 1884 toto
1216 1837 1319 1884 fore
1360 1838 1774 1899 reincorporanda.

177 1910 258 1956 IV.
298 1908 569 1956 Redituram
608 1907 802 1953 liberam
844 1907 1155 1963 electionem,
1196 1908 1234 1951 si
1273 1930 1341 1937 -—-
1367 1905 1491 1965 quod
1517 1905 1645 1951 Deus
1673 1906 1777 1951 cle-

177 1984 358 2025 menter
400 1982 582 2022 avertat
631 2000 699 2009 -—·
749 1976 896 2020 omnis
934 1974 1179 2033 Augustae
1222 1974 1379 2032 stirpis
1420 1973 1667 2033 Propago‚
1708 1975 1780 2017 cui

174 2049 252 2107 J’us
281 2046 339 2092 ad
366 2058 587 2092 coronam
613 2042 797 2103 legibus
825 2039 1246 2086 fundamentalibus
1283 2038 1500 2084 tributum
1528 2038 1613 2085 fuit.
1639 2042 1780 2100 peni—

179 2121 253 2162 tus
282 2116 678 2173 exstingueretur.
719 2110 774 2155 V.
807 2109 1021 2169 Denique
1050 2114 1243 2154 cavetur
1262 2142 1273 2163 a
1301 2113 1349 2152 ut
1370 2106 1521 2166 Regni
1550 2107 1780 2153 haeredes

181 2198 284 2228 cum
324 2184 489 2244 quavis
526 2181 884 2239 inauguratione
924 2178 1147 2222 inomisse
1191 2179 1308 2221 intra
1336 2181 1516 2236 tempus
1545 2173 1779 2221 definitum

181 2249 481 2313 suscipienda
520 2252 897 2310 praesentem
950 2244 1389 2306 diplomaticam
1440 2243 1778 2289 Assecura—

180 2321 343 2366 tione
361 2334 404 2365 m
432 2322 680 2378 acceptare
699 2349 713 2373 9
754 2313 1051 2375 desuperque
1077 2311 1396 2358 Juramentum
1424 2310 1662 2372 deponere
1690 2309 1780 2356 ob-

180 2390 330 2436 stricti
355 2389 448 2434 sint
495 2382 550 2444 ί).

219 2530 253 2572 ²)
279 2531 360 2563 vid.
382 2530 534 2572 Capitul.
565 2538 646 2561 cum
672 2531 750 2562 eod.
781 2530 902 2571 stipul.
926 2529 961 2561 in
990 2528 1107 2569 Opere
1133 2526 1190 2558 cui
1224 2525 1294 2557 Tit.
1324 2522 1525 2565 Explicatio
1549 2522 1651 2556 Juris
1680 2523 1783 2557 Hun-

287 2579 409 2621 gariae
433 2579 466 2609 in
489 2579 598 2610 Ruso.
624 2576 719 2608 rubr.
745 2580 780 2608 et
800 2577 924 2608 Podol.
947 2577 1036 2607 Doc.
1061 2575 1105 2606 Χ.

220 2623 257 2666 1’)
283 2628 338 2658 De
360 2634 451 2657 anno
476 2622 565 2657 1458
590 2622 622 2655 in
646 2624 753 2665 Corp.
771 2625 848 2655 Jur.
876 2627 911 2655 et
931 2622 1089 2655 Mathiae
1115 2618 1288 2652 Confirm-
1312 2618 1470 2659 desuper
1495 2626 1549 2659 ap.
1572 2617 1781 2651 Kovachich

287 2674 393 2705 Vest..
414 2671 542 2703 Comit.
563 2681 592 2712 p.
624 2671 690 2703 298
718 2675 847 2712 etseq.
870 2671 954 2702 item
975 2671 1116 2701 Katoua
1140 2667 1234 2699 Hist.
1262 2666 1342 2697 crit.
1365 2666 1404 2697 T.
1428 2663 1481 2698 14.
1506 2673 1539 2705 p.
1569 2663 1625 2696 69.

226 2716 260 2758 ⁰)
289 2720 378 2752 Anni
403 2717 502 2751 1453.
530 2718 562 2748 in
586 2719 704 2750 Praef.
727 2722 763 2749 et
787 2721 853 2751 art.
875 2718 906 2748 1.
928 2720 963 2748 et
983 2717 1014 2747 2.

228 2764 264 2807 ἆ)
291 2767 386 2807 Dipl.
407 2764 576 2797 wladislai
602 2766 641 2796 ll.
664 2765 706 2795 de
734 2766 835 2795 Anno
859 2762 956 2795 1'490.
983 2763 1016 2793 in
1038 2762 1143 2801 Corp.
1165 2761 1245 2791 Jur.
1269 2760 1384 2796 flung.

224 2814 258 2855 ο)
285 2812 451 2845 Corfirm.
491 2820 556 2852 per
588 2811 851 2843 Ferdinandum
881 2811 905 2842 1.
939 2808 1080 2841 articuli
1111 2808 1153 2838 dc
1186 2808 1288 2839 Auno
1323 2805 1423 2837 1537.
1459 2804 1494 2835 in
1515 2801 1638 2843 specie
1672 2806 1782 2839 supra

291 2861 351 2892 cit.
373 2859 429 2891 29.

235 2905 263 2948 f)
289 2907 443 2950 Diplom.
464 2904 589 2947 Inaug.
612 2903 801 2938 Francisci
825 2904 852 2938 1.
872 2893 963 2946 Aug·
999 2902 1042 2936 de
1067 2902 1172 2935 Anno
1205 2897 1308 2935 1792,
1325 2900 1360 2931 et
1385 2895 1607 2931 anteriorum
1628 2894 1779 2933 Regum.
