1941 3143
206 81 300 129 108

200 191 465 238 inusitatum
491 191 577 238 fuit
616 193 690 252 ¹¹);
729 195 860 253 cujus
887 209 975 240 nec
1001 194 1168 241 desunt
1192 194 1326 242 nohis
1353 195 1577 256 quaedam
1620 196 1788 244 dome-

200 260 314 304 stica
341 273 525 322 quoque
553 260 766 322 exempla
808 260 868 318 ¹³).

432 412 508 455 ‚De
544 410 765 455 Ducibus
805 344 928 456 0]ῂὲ
935 344 1207 457 .Έ1ἰῗνξζ.ῖῖῖαε
1242 416 1554 469 reynatrz'cz‘s.

335 489 442 536 Non
481 503 619 535 secus
655 489 876 537 Familiae
924 494 1204 551 regnatrIcis
1243 493 1530 555 Principibus
1571 495 1790 540 masculis

202 558 348 603 Ducis
376 557 532 601 titulus
558 557 702 616 longo
732 558 839 603 olim
865 566 1094 620 tempore,
1133 559 1187 604 ab
1215 560 1380 606 illustri
1420 562 1642 606 nascendi
1670 577 1790 607 con-

203 625 412 680 ditione,
451 625 553 684 spei
589 627 909 671 successionis
961 626 1081 671 haud
1121 642 1243 672 vane
1280 642 1524 683 connexa,
1572 631 1790 689 proprius

202 696 303 735 erat
326 688 400 747 ff),
440 690 743 752 ejusdemque
768 694 1020 752 vestigium
1061 697 1211 739 statim
1250 697 1293 739 in
1321 694 1437 739 Filio
1477 696 1609 755 primi
1646 696 1791 755 Regis

200 758 416 803 Emerico
455 765 593 804 vetus
631 759 862 804 indicabat
899 760 1102 818 traditio,
1144 776 1278 821 quem
1317 761 1574 806 Kercselits
1618 763 1658 819 e)
1693 764 1788 820 jam

202 825 292 871 hoc
318 839 420 869 cum
446 825 602 885 elogio
643 826 943 873 Sclavoniam
970 843 993 872 a
1020 835 1151 888 patre
1168 828 1514 888 gubernandam
1532 832 1793 889 accepisse,

203 892 286 938 sed
323 893 502 939 incerto
547 895 824 954 suspicatur.
888 894 1069 939 Certius
1107 895 1241 939 illud:
1283 895 1485 940 infausto
1512 894 1732 940 Andreae
1759 896 1793 940 Ι.

203 959 452 1019 exemplo,
492 963 708 1020 quoniam
746 961 791 1005 id
827 964 1071 1006 maximam
1112 975 1345 1021 persaepe
1385 975 1543 1005 ansam
1584 963 1796 1008 internae

202 1026 543 1089 perturbationi
571 1027 779 1082 dederat,
818 1042 966 1086 usque
994 1028 1281 1073 Ludovicum
1307 1043 1522 1087 magnum
1547 1030 1593 1074 in
1619 1043 1796 1074 morem

203 1108 326 1155 pene
367 1094 591 1150 abivisse,
651 1100 701 1138 ut
762 1095 945 1153 quoties
1000 1095 1159 1154 plures
1207 1095 1380 1153 Agnati
1418 1095 1555 1154 Regii
1602 1103 1793 1156 praesto

204 1161 377 1218 forent,
415 1175 534 1205 unus
560 1160 782 1220 pluresve
811 1168 984 1206 certain
1012 1161 1295 1222 Hungariae,
1322 1163 1400 1208 vel
1426 1163 1792 1220 Provinciarum,

204 1229 261 1273 ad
300 1228 531 1274 Coronam
571 1228 909 1288 spectantium,
947 1236 1125 1290 partem
1164 1229 1309 1287 Regis
1352 1229 1618 1274 obtinerent
1666 1230 1796 1275 arbi-

203 1298 292 1340 trio
320 1294 402 1353 ἳυῇυθ)
433 1309 533 1339 011111
559 1301 795 1356 potestate
811 1296 958 1356 ampla
983 1295 1184 1357 quidem,
1212 1295 1447 1354 Majestati
1475 1303 1676 1342 attamen
1691 1297 1794 1342 Re—

206 1365 311 1422 giae
340 1362 654 1409 subordinata.

260 1444 311 1499 ³⁶)
328 1444 478 1483 Paucis
499 1443 719 1482 memnisse
735 1449 798 1483 sat
812 1443 950 1488 fuerit,
969 1450 1131 1495 praeter
1150 1444 1365 1495 Principes
1387 1444 1541 1497 Regios
1562 1457 1798 1496 comparere

320 1501 424 1540 alios
458 1512 616 1552 quoque
649 1501 860 1552 Dynastas
906 1500 1027 1551 (lieet
1066 1502 1204 1541 rarius
1248 1502 1289 1540 in
1322 1501 1626 1552 antiquioribus
1666 1503 1798 1542 docu—

318 1557 494 1608 mentis)
538 1557 778 1596 nominatim
825 1557 1177 1597 Laurentium
1223 1559 1282 1597 de
1322 1557 1509 1611 Ujlak,
1539 1558 1796 1597 Joannem

319 1614 636 1662 Corvinum,
667 1620 705 1653 et
738 1614 832 1653 istis
856 1616 1036 1665 priorem
1068 1615 1409 1654 Theodorum
1440 1614 1797 1654 Keriatovics

316 1670 785 1710 Munktitsiensem
817 1672 966 1721 partim
1002 1672 1129 1711 Ducis
1161 1672 1474 1722 compellatione
1507 1671 1665 1719 solum,
1697 1684 1799 1722 par-

318 1727 389 1766 tim
422 1740 511 1767 cum
545 1728 699 1765 adnexa
720 1727 844 1766 simul
875 1729 1057 1779 integrae
1089 1726 1303 1781 cujusdam
1328 1728 1571 1767 Provinciae
1595 1728 1800 1780 Superio-

316 1784 437 1823 ritate
478 1784 665 1835 insignes
686 1782 754 1836 d)‚
801 1784 1113 1836 Baronibusque
1158 1785 1438 1824 nationalibus
1483 1786 1798 1833 adnumeratos3

319 1841 387 1891 qui
420 1841 514 1880 dum
550 1853 629 1879 una
660 1840 792 1891 Regni
825 1841 1055 1881 Baronatus
1089 1842 1268 1880 honores
1301 1847 1514 1894 gererent,
1546 1854 1798 1894 nequaquam

317 1905 451 1936 tamen
483 1903 704 1949 propterea
734 1897 932 1948 reliquos,
965 1898 1092 1937 simili
1125 1899 1321 1949 dignitate
1361 1899 1632 1948 conspicuos,
1663 1897 1799 1937 antei—

319 1954 438 2002 bant,
472 1954 568 2004 quia
597 1954 735 1992 Duces
769 1955 1046 2002 vocabantur,
1088 1955 1196 2005 quod
1235 1954 1376 1993 itidem
1409 1954 1673 2005 diplomatica
1704 1967 1798 1993 mo-

317 2016 514 2049 numenta
547 2010 774 2060 perhibent.

233 2065 308 2120 m)
341 2066 431 2107 Hoc
462 2066 569 2106 enim
602 2065 787 2117 exemplo
821 2065 986 2105 Geisam
1018 2066 1049 2104 1.
1086 2079 1108 2104 a
1139 2065 1354 2105 Salamonc
1385 2066 1495 2117 Rege
1517 2092 1569 2098 —
1593 2067 1800 2119 Lamper-

318 2130 402 2163 tum
436 2136 458 2162 a
499 2121 698 2162 Ladislao
730 2145 783 2150 -
816 2135 839 2160 a
881 2122 1137 2162 Colomanno
1180 2123 1340 2162 Almum
1383 2145 1434 2151 —-
1476 2123 1581 2162 alios
1628 2125 1801 2176 denique

319 2180 453 2220 Duces
486 2181 626 2231 regios
658 2180 778 2218 modo
811 2180 972 2218 tertiam
1008 2180 1246 2232 Hungariae
1280 2185 1451 2231 partem,
1483 2193 1589 2219 nunc
1618 2180 1802 2221 Provin-

319 2238 422 2276 ciam
449 2238 497 2276 ad
523 2238 707 2289 Regnum
737 2242 1002 2286 spectantem,
1030 2236 1116 2289 jam
1143 2237 1195 2285 vi,
1224 2235 1308 2289 jam
1333 2237 1438 2275 bona
1463 2237 1618 2289 Regum
1647 2238 1802 2278 volun-

319 2299 400 2333 tate
432 2294 577 2333 ordine
609 2293 694 2332 fere
727 2293 973 2340 obtinuisse,
1005 2306 1054 2332 ex
1085 2293 1276 2332 Historia
1307 2293 1571 2333 notissimum
1593 2300 1655 2333 est
1674 2295 1737 2348 e)‚
1760 2295 1801 2334 id

319 2351 426 2403 quod
457 2351 638 2391 Patriam
671 2351 808 2389 decem
839 2349 1139 2390 funestissimis
1173 2351 1291 2391 bellis
1329 2350 1523 2390 civilibus
1554 2350 1744 2391 involvit.

243 2455 276 2491 a)
305 2456 384 2488 Vid.
405 2457 579 2495 Ducange
600 2455 633 2485 in
654 2454 821 2486 Glossar.
843 2455 932 2486 med.
962 2458 998 2486 et
1023 2455 1082 2487 inf.
1106 2455 1217 2488 Latin.
1249 2454 1291 2486 ad
1321 2463 1447 2487 vocem
1469 2456 1558 2495 Rex,
1595 2458 1632 2486 et
1654 2455 1803 2498 Regina.

244 2501 282 2542 b)
310 2502 410 2533 Cons.
432 2502 533 2543 Disq.
553 2501 595 2532 de
614 2501 720 2533 modo
745 2510 888 2542 conseq.
915 2511 1042 2533 summ.
1066 2503 1150 2543 Imp.
1170 2503 1202 2533 in
1219 2503 1337 2542 Hung.
1354 2511 1387 2543 p.
1415 2500 1493 2534 18'4.
1511 2505 1547 2534 et
1574 2502 1654 2534 185.

245 2550 278 2588 0)
306 2550 343 2580 ln
368 2548 446 2580 Not.
472 2548 631 2588 praelim.
657 2548 700 2578 de
723 2549 809 2588 Reg.
832 2549 979 2579 slavon.
1000 2553 1035 2579 et
1054 2549 1174 2581 Croat.
1196 2558 1227 2590 p.
1258 2549 1334 2581 103.

245 2595 278 2637 d)
306 2595 387 2626 vid.
411 2595 493 2625 Car.
516 2594 604 2625 And.
629 2592 692 2625 Bel
727 2591 761 2625 in
788 2595 932 2626 Prolus.
959 2595 1000 2625 de
1035 2594 1138 2626 Almo
1164 2598 1279 2632 Duce,
1314 2599 1349 2627 et
1374 2593 1499 2625 Ducib.
1526 2594 1645 2636 Hung.
1672 2595 1802 2627 Timon

310 2641 345 2672 in
378 2641 498 2679 Hung.
531 2649 614 2671 nov,
645 2639 683 2671 C.
709 2641 741 2672 8.
760 2641 964 2672 —Benzur
991 2641 1141 2681 (Euseb.
1177 2641 1320 2677 Yerini)
1354 2640 1554 2673 Commeat.
1583 2641 1626 2674 de
1661 2641 1802 2674 haered.

309 2688 385 2719 Jur.
412 2688 516 2718 Dom.
546 2688 650 2718 Aust.
679 2686 717 2718 C⁴
745 2686 804 2718 1V.
830 2696 861 2728 p.
890 2687 943 2718 70.

245 2733 277 2773 ε)
303 2734 358 2765 De
384 2733 438 2764 his
466 2733 594 2764 Ducib.
621 2732 701 2765 Vid.
731 2732 863 2764 Chron.
891 2733 1072 2765 Tliurocz.
1100 2734 1137 2764 P.
1163 2734 1204 2765 11.
1232 2734 1269 2765 C.
1295 2731 1499 2766 tia—Car.
1526 2732 1615 2765 And.
1640 2729 1714 2765 Bel.
1741 2731 1798 2764 cit.

307 2780 467 2812 Prolust.
499 2778 631 2811 Euseb.
671 2780 796 2811 verin.
830 2779 895 2820 Op.
934 2784 970 2812 et
996 2780 1063 2812 loc.
1098 2780 1157 2811 cit.
1185 2797 1225 2804 —
1251 2781 1361 2812 Mich·
1395 2777 1562 2811 Horvath
1594 2780 1628 2810 in
1661 2777 1799 2810 Satist.

309 2827 399 2869 Reg.
426 2825 544 2869 Hung-
570 2826 608 2860 P.
635 2825 677 2858 11.
706 2825 745 2859 C.
771 2827 804 2859 2.
829 2827 965 2859 Honor.
992 2845 1036 2852 —
1063 2825 1223 2859 Novotni
1250 2827 1286 2859 iu
1311 2825 1543 2868 Sciagraphia
1567 2825 1605 2860 P.
1627 2825 1654 2858 1.
1667 2834 1699 2867 p.
1719 2823 1799 2857 239.
