1941 3143
228 97 286 143 16

221 223 316 255 non
340 223 430 254 una
457 211 565 269 lege
595 210 820 255 sancitum
846 211 1050 271 reperio.
1090 208 1275 266 Budae,
1316 223 1449 275 quam
1488 207 1811 268 sigismundus

221 291 334 337 prae
374 280 577 323 caeteris
618 277 886 336 selegerat.
928 277 1121 323 subinde
1158 276 1354 324 Mathias
1393 277 1624 324 Corvinus
1651 275 1812 322 Aedes

221 347 378 405 regias
406 352 603 406 augusto
646 345 880 390 molimine
919 345 974 390 ad
1015 359 1142 403 eam,
1197 361 1330 406 quam
1370 347 1498 396 Italia
1550 350 1812 399 miraretur5

225 414 382 473 operis
410 412 798 472 magnificentiam
841 412 1031 470 eduxit„
1072 413 1154 460 sub
1193 414 1444 462 Turcarum
1485 417 1719 462 dominatu
1768 414 1814 457 in

222 480 412 537 rudera7
453 480 728 541 bustumque
755 480 1005 526 redactam.

279 563 329 614 *)
363 561 618 613 Sti-igonium
650 575 725 613 pro
769 562 1067 614 Metropoli
1108 563 1417 617 Hungariae
1450 571 1488 605 et
1519 565 1728 606 Arnoldus
1752 561 1812 616 ὃ),

336 625 374 658 et
404 619 664 671 Biographus
708 618 890 659 Conradi
921 621 1112 672 Archiep.
1153 622 1487 675 Salisburgensis
1508 623 1552 676 b)
1585 623 1813 669 nominant,

337 676 461 716 dubio
492 675 761 716 nihilominus
796 683 966 729 uterque
1000 678 1130 718 locum
1159 680 1338 731 reliquit,
1371 686 1507 719 utrum
1540 682 1676 720 sedem
1704 681 1815 719 dun-

335 739 447 773 taxat
490 733 915 785 Archiepiscopalcm‚
963 748 1063 787 quae
1104 743 1309 788 tempore,
1357 738 1404 776 de
1453 750 1531 788 quo
1575 738 1816 789 loquuntur,

338 791 458 830 unica
487 790 809 842 Metropolitana
836 804 909 842 per
935 792 1120 843 Regnum
1147 793 1331 834 Ecclesia
1361 796 1589 842 exstiterat,
1621 808 1671 834 an
1693 790 1819 833 simul

339 861 414 899 pro
447 846 554 888 Aula
592 848 721 901 Regia
761 847 930 888 defixam
974 844 1189 903 designare
1232 851 1506 899 intenderint,
1548 849 1817 904 Rogeriusc‘)

339 904 450 945 illam
481 905 524 944 in
554 904 772 958 Hungaria
802 918 942 946 omncs
974 907 1222 958 praecellere
1255 907 1455 947 Civitates
1486 907 1557 947 ait.

922 1028 969 1082 ξ.
1011 1028 1123 1073 341.

670 1124 805 1178 Quae
841 1125 992 1171 modo
1045 1116 1256 1172 Viennae
1295 1137 1376 1172 est.

361 1221 611 1281 Postquam
637 1219 859 1267 Austriae
898 1221 1236 1268 Archi-Duces
1274 1221 1419 1268 Nobis
1447 1235 1673 1282 praeesse
1701 1235 1821 1267 coe-

228 1296 409 1350 perant,
436 1288 619 1334 Vienna
644 1289 907 1350 Principum
933 1297 1200 1336 nostrorum
1227 1293 1445 1335 continua
1475 1291 1626 1336 evasit
1653 1289 1821 1343 sedes;

229 1356 396 1402 abinde
428 1357 583 1417 itaque
613 1355 901 1417 Regnicolae
929 1360 1205 1418 saepissime
1232 1357 1376 1417 Regis
1414 1360 1483 1402 sui
1510 1359 1825 1418 praesentiam

227 1426 454 1485 petitione
480 1423 709 1484 urgebant
751 1423 827 1482 Ὃς
866 1431 1123 1486 temperate
1162 1425 1458 1471 nihilominus
1493 1427 1588 1483 jam
1616 1425 1661 1471 id
1687 1437 1826 1469 unum

228 1492 537 1553 postulantes,
576 1499 624 1536 ut
663 1493 710 1537 in
736 1491 888 1538 medio
918 1492 1189 1549 eorundem,
1230 1499 1275 1538 et
1303 1496 1419 1539 intra
1451 1492 1665 1553 Regnum
1690 1493 1820 1537 resi-

230 1559 340 1605 dere
366 1559 531 1615 velint,
568 1559 749 1619 quando
778 1562 1024 1619 graviores
1051 1557 1267 1621 Europae
1296 1575 1435 1606 curae
1464 1560 1705 1606 commode
1736 1558 1825 1603 ad-

228 1630 438 1673 miserint
480 1627 533 1683 e).
574 1626 650 1671 Ad
676 1626 973 1672 secundanda
998 1642 1115 1673 vero
1136 1628 1345 1673 ardenna
1372 1628 1489 1673 haec
1516 1628 1678 1674 Gentis
1714 1631 1827 1672 vota

226 1694 397 1753 Magna
424 1692 570 1738 Maria
595 1693 821 1739 Theresia
847 1696 893 1739 in
919 1695 1019 1754 ipsa
1043 1694 1198 1754 Regni
1221 1695 1471 1756 Metropoli
1498 1710 1618 1740 anno
1646 1694 1817 1756 prioris

231 1763 379 1808 seculi
415 1774 539 1807 nono
579 1774 718 1822 supra
758 1761 1163 1821 quadragesimum
1201 1763 1486 1823 peramplum
1515 1761 1822 1807 habitaculum

229 1831 410 1889 regium
440 1829 582 1886 jussit
605 1830 895 1886 resuscitari„
935 1843 992 1875 eo
1031 1830 1138 1875 loco
1166 1832 1392 1891 positum,
1441 1829 1517 1876 ubi
1543 1836 1681 1876 vetus
1718 1826 1823 1873 Re-

231 1899 309 1956 gia
348 1894 576 1942 exstabat.

937 2009 983 2064 §.
1004 2010 1118 2056 342.

926 2108 965 2152 11
1031 2108 1171 2154 Aula.

377 2220 631 2276 Coaevam,
670 2226 716 2264 et
741 2232 899 2279 parem
928 2235 1028 2266 cum
1053 2220 1328 2267 ResidentIa
1355 2229 1529 2268 sortem
1549 2221 1669 2267 Aula
1686 2220 1834 2281 Regia

241 2288 407 2345 subiit,
446 2302 549 2333 nam
599 2301 659 2331 ex
697 2300 806 2346 quo„
847 2289 922 2347 qui
961 2287 1244 2348 Hungariam
1282 2297 1482 2349 regunt,
1521 2289 1834 2335 Romanorum

241 2363 395 2413 antea,
434 2369 582 2415 nuper
611 2355 832 2399 Austriae
872 2354 1186 2416 Imperatores
1217 2364 1487 2408 evaserunt„
1532 2357 1833 2417 imperatoria

240 2423 362 2468 Aula
400 2421 669 2468 circumdati
723 2424 1106 2483 conspiciuntur3
1156 2427 1247 2472 nisi
1285 2425 1409 2486 quod
1446 2423 1628 2470 Nobilis
1666 2424 1837 2469 Tui-ma

282 2566 314 2602 ιΊ)
346 2564 476 2596 Chron.
498 2565 595 2597 Slav.
622 2565 661 2598 L.
689 2565 720 2598 3.
748 2565 784 2599 C.
806 2566 863 2599 29.

283 2622 318 2661 b)
345 2624 385 2655 ln
409 2622 539 2654 Codice
565 2622 679 2654 Petzii
708 2623 744 2654 C.
773 2621 827 2656 1'4.

286 2680 318 2719 e)
347 2681 463 2712 Carm.
483 2680 649 2713 miserab.
673 2681 794 2713 Cladis
818 2682 954 2713 Tartar.
975 2681 1011 2713 C.
1028 2682 1081 2714 38.

285 2737 318 2776 d)
348 2740 480 2780 Legum
503 2738 571 2769 hnc
595 2739 735 2769 sacient.
767 2740 980 2781 praecipuae
1001 2744 1097 2771 sunt.
1125 2738 1225 2773 1439.
1252 2739 1306 2771 22.
1332 2755 1376 2759 —
1404 2739 1506 2775 1536.
1528 2736 1752 2773 57.—1546.
1781 2737 1838 2769 18-

349 2802 396 2808 ·-
422 2783 522 2818 1548.
547 2786 604 2818 22.
631 2799 675 2803 —
702 2787 802 2818 1550.
830 2785 861 2817 4.
889 2805 931 2810 -—
960 2786 1061 2819 1608.
1088 2787 1141 2818 18.
1167 2797 1198 2818 a.
1225 2795 1254 2817 c.

288 2844 322 2880 2)
351 2843 451 2876 1723.
480 2844 512 2876 8.
537 2858 581 2863 -
609 2841 711 2877 1741.
739 2845 769 2875 7.
797 2860 840 2865 -
867 2845 968 2876 1751.
994 2846 1026 2876 1.
1056 2859 1098 2864 -
1124 2844 1223 2878 1790.
1252 2844 1283 2875 9.
1309 2859 1353 2863 -—<
1380 2843 1482 2878 1792.
1511 2843 1540 2873 5.
