1941 3143
167 85 259 132 136

162 197 296 260 quasi
324 196 503 244 cunctis
540 196 784 245 Nobilibus
823 200 1024 249 viritim.
1065 207 1112 246 et
1137 199 1311 263 absque
1339 200 1428 246 ulla
1471 202 1752 264 exceptione

160 267 352 328 propria
390 268 433 311 in
474 280 677 327 persona
705 268 760 312 ad
790 268 957 313 bellum
994 282 1178 330 semper
1213 268 1602 330 proficiscendum
1629 269 1752 315 suis-

162 341 270 389 set3
309 347 480 395 saepe.
521 336 611 380 imo
652 336 924 397 plerumque
964 333 1134 382 fratres
1162 337 1297 382 divisi
1341 344 1510 381 tantum
1540 353 1624 398 per
1650 340 1754 383 sin-

163 401 273 462 gula
297 427 365 434 —
389 408 438 447 ut
465 402 554 447 dici
576 405 944 463 amat—capita
972 418 1029 449 eo
1058 404 1266 450 obstricti
1294 404 1480 449 suerunt
1523 406 1580 461 ⁴¹).
1610 403 1754 450 Cum-

163 484 256 530 que
283 469 451 514 multos
492 485 579 530 per
617 476 843 527 aetatem,
883 471 1106 530 quosdam
1146 472 1202 517 ob
1241 471 1580 521 valetudinem.
1619 487 1753 518 com-

161 537 321 599 plures
350 551 409 581 ex
436 539 640 582 muneris
667 540 879 591 ratione„
918 539 1032 584 alias
1061 540 1117 585 ob
1146 554 1310 585 causas
1333 540 1426 597 jam
1455 540 1530 584 lex
1559 540 1755 601 dispen-

166 604 363 660 set7jam
392 611 555 666 suapte
584 605 793 668 impediri
823 608 1077 666 contingat.
1098 622 1175 653 res
1205 610 1303 669 ipsa
1331 607 1546 668 loquitur.
1566 615 1758 669 propter

168 671 333 718 similia
361 670 602 719 obstacula
630 673 948 720 substitutioni
976 675 1127 721 locum
1163 675 1310 721 fuisse
1337 675 1560 721 relictum.

863 810 911 866 ᾗ.
953 813 1066 858 551.

723 911 898 956 Utrum
935 909 1203 957 Nobilitas.

302 1024 377 1069 An
412 1021 606 1068 Nobiles
635 1022 900 1083 obligentur
938 1025 1076 1068 etiam
1103 1029 1236 1068 extra
1273 1023 1441 1068 limites
1471 1023 1652 1068 Patriae
1680 1037 1762 1068 ar-

164 1093 251 1137 mis
279 1090 462 1137 servire
487 1125 500 1147 7
540 1097 585 1135 et
613 1105 702 1151 qua
729 1090 811 1136 sub
841 1090 1148 1136 conditione?
1187 1104 1329 1151 saepe
1372 1092 1632 1151 quaesitum
1658 1105 1763 1136 me-

166 1160 304 1215 mini3
343 1173 447 1203 nam
492 1157 548 1202 de
588 1159 783 1205 servitio
834 1157 925 1204 hoc
964 1161 1083 1204 intra
1122 1158 1292 1204 limites
1334 1157 1517 1204 Patriae
1559 1160 1762 1220 propriis

169 1226 392 1271 sumtibus
438 1226 723 1287 praestando
752 1233 913 1287 aperta
940 1240 1018 1271 res
1059 1225 1106 1271 sit
1132 1240 1227 1272 non
1253 1226 1392 1272 modo
1421 1240 1482 1271 ex
1507 1225 1764 1271 universali

167 1293 451 1351 traditione.
491 1292 577 1339 sed
616 1308 677 1340 ex
712 1295 814 1354 ipsa
848 1294 980 1340 Bulla
1023 1309 1181 1351 aurea„
1235 1294 1278 1339 id
1327 1296 1642 1340 constituente
1685 1292 1760 1351 ’ῆι

173 1362 254 1420 „Si
281 1368 434 1406 autem
471 1360 577 1406 Rex
617 1369 750 1408 extra
791 1361 1004 1422 Regnum
1044 1363 1302 1408 exercitum
1338 1361 1510 1406 ducere
1537 1360 1761 1418 voluerit.

171 1429 482 1488 „Servientes
511 1443 612 1474 cum
654 1432 757 1491 ipso
798 1432 866 1476 ire
893 1444 988 1475 non
1013 1436 1289 1485 teneantur,
1329 1430 1417 1475 nisi
1454 1443 1539 1490 pro
1565 1431 1763 1489 pecunia

172 1498 365 1558 „ipsius
421 1496 471 1543 Si
502 1511 619 1543 vero
658 1512 719 1544 ex
745 1495 945 1544 adversa
983 1504 1114 1558 parte
1144 1498 1380 1543 exercitus
1408 1499 1594 1542 venerit
1621 1511 1763 1557 super

173 1564 444 1624 „Regnum7
484 1578 646 1610 omnes
688 1565 1021 1611 universaliter
1064 1567 1132 1610 ire
1172 1564 1450 1610 teneantur“
1492 1564 1575 1609 sed
1608 1563 1763 1609 Verba

172 1631 383 1689 ejusdum
419 1631 613 1677 Decreti
654 1634 809 1692 „nisi
847 1648 959 1694 pro
998 1634 1266 1694 pecunia
1304 1632 1539 1693 ipsius“
1581 1630 1765 1676 dubium

168 1700 324 1745 multis
352 1714 441 1745 nec
467 1701 696 1747 immerito
724 1705 997 1757 moverant,
1035 1707 1186 1746 utrum
1212 1701 1356 1760 regiis
1385 1698 1609 1745 sumtibus
1637 1701 1764 1744 anti-

169 1765 591 1880 ‹fluitustobilitati
618 1771 757 1815 etiam
783 1770 958 1815 invitae
987 1775 1120 1815 extra
1141 1769 1356 1829 Regnum
1382 1766 1647 1814 bellandum
1673 1780 1766 1812 non

193 1835 341 1880 uerit.

869 1972 918 2026 ξ.
959 1972 1070 2016 552.

670 2070 839 2115 Etiam
866 2078 1013 2114 extra
1039 2069 1277 2114 Patriam.

309 2185 425 2230 Sunt
451 2190 602 2229 tamen
629 2185 786 2243 leges,
814 2183 978 2244 hisque
1005 2197 1199 2243 prorsus
1241 2187 1560 2228 consentanea
1591 2197 1762 2227 monu-

176 2257 329 2296 menta
353 2286 366 2302 .
394 2266 512 2312 quae
539 2251 839 2297 Nobilitatem
865 2253 910 2296 in
937 2251 1098 2310 regula
1127 2251 1244 2296 ultra
1273 2251 1420 2309 Regni
1450 2251 1617 2296 limites
1644 2265 1761 2310 pro-

179 2319 374 2370 cedere.
403 2320 791 2378 exercituareque
819 2318 937 2363 haud
965 2318 1182 2363 debuisse
1209 2318 1368 2364 verbis
1387 2352 1399 2364 .
1427 2333 1621 2378 quorum
1648 2332 1763 2378 per—

179 2388 411 2446 spicuitati
451 2385 562 2431 nihil
603 2389 776 2446 opponi
803 2391 984 2446 potest,
1022 2386 1172 2446 palam
1213 2385 1467 2430 decernunt
1494 2383 1560 2444 ὕ).
1600 2386 1692 2442 Ajo
1722 2387 1765 2429 in

177 2453 369 2512 regula:
398 2452 443 2498 id
470 2456 591 2498 enim
617 2455 663 2498 in
681 2452 1066 2498 extraordinariis
1086 2452 1271 2499 casibus
1299 2454 1569 2512 imperatum
1596 2451 1764 2507 fuisse,

176 2528 225 2565 ut
250 2521 601 2565 recentissimos
630 2534 723 2565 non
751 2520 983 2577 adferam,
1021 2521 1160 2567 docet
1185 2535 1297 2581 prae
1325 2522 1526 2565 caeteris
1553 2520 1655 2565 Art.
1690 2522 1762 2565 17.

183 2589 323 2634 1498.
363 2586 417 2631 Et
444 2601 557 2633 sane
586 2589 686 2647 quis
723 2587 883 2633 credat
903 2621 915 2644 7
955 2595 1063 2633 tunc
1089 2602 1304 2649 quoque7
1345 2602 1445 2632 cum
1485 2589 1557 2631 vis
1585 2588 1786 2632 inimica.

177 2670 200 2698 a
230 2653 393 2699 finibus
419 2653 570 2714 Regni
608 2654 939 2716 propulsanda,
979 2657 1018 2701 si
1043 2655 1302 2716 reparanda
1342 2655 1541 2714 injuria„
1580 2653 1762 2715 quando

218 2791 246 2828 ³)
274 2794 375 2826 1518.
402 2793 458 2826 37.
487 2812 530 2819 —
559 2795 659 2828 1523.
687 2795 739 2828 19.
763 2814 808 2820 —-
838 2793 938 2828 1542.
966 2794 1021 2827 33.
1046 2812 1091 2817 —-
1120 2796 1221 2828 1595.
1249 2795 1303 2827 21.
1331 2797 1396 2827 etc.

218 2849 252 2888 b)
281 2850 385 2883 1222.
414 2851 442 2883 7.
