1941 3143
220 182 312 229 198

207 293 288 340 illo
307 292 498 351 Senatu,
517 294 696 353 Regiae
717 295 925 349 dignitati
945 309 1124 342 coaevo
1146 295 1204 351 ⁵¹),
1223 297 1609 358 deprehendimus
1629 301 1795 357 (367).

210 360 467 407 Utebantur
493 365 703 407 nimirum
730 363 888 421 Reges
917 365 1064 408 nostri
1099 362 1155 408 ad
1183 378 1469 410 communem
1499 366 1798 427 Reipublicae

208 429 405 475 salutem
459 444 518 474 ex
568 430 721 488 legum
771 433 1064 491 praescripto
1118 434 1451 491 procurandam
1535 433 1799 480 lectissimis

208 499 384 558 primae
425 496 687 555 dignitatisq
729 504 866 557 atque
905 499 1103 543 eximiae
1142 499 1532 545 considerationis
1569 503 1706 559 sacri,
1745 517 1799 548 ae

207 563 392 625 profani
421 563 598 608 ordinis
624 563 953 622 Administris‚
991 579 1106 625 quos
1146 567 1190 610 in
1227 567 1345 613 Aula
1381 574 1652 613 constanter
1677 571 1800 615 reti-

207 645 352 686 nere3
395 637 567 676 etcum
607 629 909 677 Monarchiae
953 647 1065 677 suae
1105 633 1305 679 ditiones
1333 643 1665 696 peragrarent„
1707 652 1799 682 non

139 713 143 716 ·
210 699 403 743 honoris
432 698 599 755 solum,
628 699 711 744 sed
739 702 876 745 etiam
904 700 1180 746 conciliandi
1207 705 1355 761 gratia
1374 706 1566 748 comites
1587 706 1799 750 itinerum

209 766 382 811 habere
409 765 665 826 proficuum
704 767 962 813 videbatur.
1002 768 1112 814 Erat
1149 777 1393 830 praeterea
1429 771 1522 828 jam
1551 771 1726 832 pridem
1755 774 1798 817 in

208 848 339 878 more
366 833 573 891 Regibus
599 833 866 895 Hungariae
896 861 952 869 -
983 842 1032 880 ut
1058 850 1142 881 suo
1179 836 1282 883 loco
1309 841 1486 899 pariter
1511 839 1709 884 vidimus
1734 864 1801 873 -—-

211 900 360 962 (217)
402 903 440 946 si
469 901 650 960 quando
677 902 881 961 longiori
908 909 1118 964 tempore
1137 919 1159 948 a
1180 903 1346 963 Regno
1374 905 1543 950 abesse
1560 920 1800 965 cogeren-

209 976 298 1024 tur,
338 968 729 1015 Locumtenentes
772 972 1088 1026 constituere,
1138 971 1334 1028 adjectis
1375 986 1434 1015 ex
1475 974 1596 1016 omni
1638 973 1801 1018 ordine

212 1037 335 1081 Viris
353 1070 364 1092 a
405 1037 481 1095 qui
506 1039 684 1082 vicaria
709 1044 944 1098 potestate
972 1037 1124 1097 Regni
1149 1037 1539 1097 gubernationem
1567 1053 1800 1099 procura-

210 1110 326 1147 rent.
369 1103 417 1147 ld
452 1110 619 1163 postea
664 1105 894 1149 communi
941 1104 1087 1164 Regis
1127 1113 1264 1166 atque
1307 1106 1525 1152 Ordinum
1564 1121 1799 1152 consensu

208 1169 378 1215 Mathia
406 1170 435 1214 Ι.
466 1178 693 1229 regnante
711 1206 723 1228 0
761 1174 808 1216 in
833 1171 1061 1233 publicam
1087 1173 1240 1233 legem
1269 1173 1377 1218 abiit
1420 1172 1486 1234 b),
1524 1189 1641 1234 quae
1667 1175 1800 1220 nobis

207 1240 351 1298 prima
381 1239 580 1282 omnium
615 1237 807 1285 Consilii
849 1240 1087 1298 cujusdam
1126 1241 1568 1288 Locumtenentialis
1595 1245 1796 1303 vestigia

207 1312 548 1368 repraesentat.

910 1443 957 1500 ὃ.
998 1444 1109 1490 661.

846 1544 977 1589 Fata
1012 1547 1167 1589 varia.

349 1641 594 1687 Providum
634 1640 930 1687 nihilominus
972 1641 1061 1687 hoc
1100 1641 1675 1687 Locumtenentiae
1712 1641 1801 1686 ln-

212 1710 445 1764 stitutum„
487 1709 701 1769 quamdiu
725 1709 884 1769 Reges
912 1711 957 1754 in
984 1709 1149 1770 Regno
1186 1709 1397 1753 residere
1426 1710 1715 1768 contigerat„
1756 1711 1802 1754 in

213 1792 369 1822 casum
420 1791 533 1821 suae
591 1776 812 1822 duntaxat
862 1776 1100 1822 absentiae
1151 1776 1207 1821 ad
1262 1784 1442 1837 tempus
1491 1777 1801 1837 persistebat&

211 1846 392 1890 tametsi
434 1843 691 1889 Consilium
743 1845 940 1905 Regium
984 1846 1280 1890 continenter
1319 1844 1594 1905 perduraret
1635 1844 1703 1902 ’ῦς
1741 1845 1804 1890 At

210 1913 286 1958 ubi
324 1911 446 1956 istud
484 1926 568 1972 per
616 1911 792 1957 cladem
831 1913 1179 1958 Mohacsianam
1219 1927 1320 1957 cum
1362 1914 1462 1973 ipse
1501 1911 1666 1971 Regno
1709 1926 1801 1958 uno

212 1982 344 2040 quasi
371 1982 415 2024 in
444 1978 607 2023 funere
636 1979 853 2035 concidit„
891 1980 1210 2024 FerdInandus
1245 1993 1363 2025 vero
1393 1986 1579 2038 sceptro
1609 1978 1803 2023 subinde

210 2049 402 2107 potitus,
432 2045 642 2090 stabilem
670 2052 801 2090 extra
828 2045 1109 2105 Hungariam
1135 2046 1293 2090 sedem
1322 2045 1531 2101 haberet,
1564 2044 1675 2090 nihil
1701 2044 1801 2090 fere

214 2114 503 2174 frequentius
531 2111 760 2171 urgebant
785 2113 1092 2173 Regnicolae7
1131 2128 1264 2174 quam
1293 2112 1547 2158 Consilium
1573 2111 1802 2171 hungari-

214 2196 314 2225 cum
351 2182 577 2241 pristinae
615 2179 853 2239 dignitati„
892 2183 1250 2241 auctoritatique
1289 2182 1473 2225 restitui
1515 2177 1586 2236 Ἲς
1626 2178 1803 2240 fuitque

214 2249 368 2293 talium
396 2249 669 2308 petitionum
697 2251 742 2292 in
769 2249 1007 2308 sequelam
1035 2248 1119 2294 suh
1148 2248 1314 2293 eodem
1341 2247 1489 2292 adhuc
1504 2245 1637 2307 Rege
1655 2247 1804 2293 simile

215 2315 475 2374 Collegium
513 2328 682 2374 reapse
724 2323 957 2373 erectum„
998 2319 1069 2361 cui
1111 2316 1501 2362 Locumtenentes
1540 2315 1676 2375 Regii
1712 2315 1803 2359 ali-

218 2382 458 2442 quamdiu‚
497 2381 603 2426 dein
643 2381 729 2427 hac
769 2385 869 2444 ipsa
910 2399 1010 2429 cum
1053 2383 1305 2445 dignitate,
1346 2390 1391 2428 et
1429 2385 1616 2428 nomine
1652 2382 1804 2442 Regni

218 2450 451 2495 Palatinus
490 2448 830 2509 praesederunt
854 2449 924 2509 ὕ).

271 2530 320 2580 ᾗ)
355 2530 580 2580 Utrumque
611 2530 692 2568 duo
733 2531 994 2571 nobilissima
1034 2532 1124 2571 aevi
1167 2531 1280 2571 illius
1319 2533 1575 2579 documenta,
1606 2534 1667 2569 tot
1697 2529 1805 2570 inter

329 2587 570 2625 discrimina
601 2593 778 2637 servata,
811 2589 1043 2641 indigitant.
1077 2588 1354 2629 Protocollum
1378 2589 1526 2640 qnippe
1551 2587 1803 2627 Litterarum

328 2642 548 2682 missilium
584 2643 750 2694 (prouti
789 2648 951 2686 easdem
992 2653 1104 2685 aetas
1136 2647 1315 2699 ingenua
1354 2659 1501 2685 vocare
1531 2658 1613 2684 non
1645 2644 1802 2684 adhae-

253 2763 287 2804 a)
311 2765 349 2796 S.
377 2762 550 2805 Stephani
575 2763 618 2796 D.
645 2763 684 2797 L.
713 2765 743 2798 1.
769 2763 805 2797 C.
836 2766 868 2798 7.

252 2820 289 2861 b)
318 2819 418 2854 1485.
446 2821 500 2853 10.

254 2876 286 2918 c)
315 2879 416 2910 1518.
444 2877 499 2910 39.

255 2932 286 2975 d)
316 2933 415 2969 1522.
437 2934 490 2969 30.
517 2952 559 2957 —
585 2936 686 2971 1582.
717 2936 747 2970 1.
776 2951 815 2957 -
844 2935 944 2971 1588.
971 2935 1002 2969 3.
1029 2951 1074 2956 —-
1102 2936 1202 2969 1608.
1231 2938 1285 2970 10.
1312 2945 1341 2968 a.
1369 2944 1398 2967 c.
1428 2934 1527 2968 1609.
1556 2936 1609 2967 12.
