1941 3143
171 98 238 143 40

172 205 408 254 Tribunali
458 208 690 265 revideri,
742 223 876 269 quam
919 208 1272 271 dispositionem
1321 227 1430 260 mox
1471 216 1765 276 insequentia

170 275 366 325 Comitia
393 276 449 323 ad
473 275 596 324 Fora
623 278 820 338 quaevis
846 276 1156 324 extenderant
1197 279 1255 337 ⁸.)

862 412 909 468 ξ.
950 413 1061 460 385.

474 497 789 543 leeciorum
832 497 1169 545 Corm'tz'alz‘emz
1208 497 1458 548 delectmn.

308 597 511 658 Tempus
538 595 593 641 ab
619 594 803 641 indictis
844 594 1054 643 Comitiis
1104 598 1159 643 ad
1200 598 1381 644 illorum
1425 599 1769 647 inchoati0nem

174 664 512 713 intermedium
549 678 605 724 gl
610 664 915 722 avammihuS,
970 681 1025 711 ac
1062 665 1310 727 postulatis
1347 668 1625 723 collioendis
1679 670 1768 713 im—

172 732 405 794 penditur
437 739 528 778 tum
556 731 785 793 eligendis
812 732 1005 779 Nunciis
1024 734 1424 780 Communitatum.
1457 726 1765 793 mittebatur)

174 801 261 846 hos
304 807 457 855 antea,
497 799 836 860 Ablegatorum
875 804 1061 848 nomine
1089 802 1143 847 ab
1172 802 1279 848 olim
1308 804 1631 864 compellatos.
1669 804 1768 850 Co—

171 870 374 925 mitatus,
403 866 631 930 Capitula,
672 868 895 915 Civitates
922 871 1100 930 Regiae
1125 869 1227 928 Ἠ).
1259 870 1376 915 aliae
1413 873 1519 915 item
1546 871 1769 916 Commu-

172 939 360 994 nitateS,
399 942 536 997 atque
562 937 829 994 Distrietus,
859 940 991 998 queis
1019 938 1136 983 haec
1162 939 1493 998 praerogativa
1522 944 1769 999 compete-

169 1006 264 1063 bat,
304 1006 410 1066 quin
435 1004 679 1064 Magnates
706 1019 910 1066 quoque,
939 1007 1010 1052 sui
1028 1006 1136 1050 loco
1165 1006 1418 1051 conventui
1446 1004 1766 1052 interfuturos.

172 1074 532 1119 Instructionum
561 1072 759 1133 denique
786 1071 1074 1120 elucubratio
1114 1072 1429 1136 peculiaribus
1459 1076 1582 1120 curis
1618 1073 1768 1136 perfi-

173 1141 396 1188 aiebatur.

227 1222 279 1279 ἦε)
315 1222 422 1269 Quot
453 1235 623 1263 numero
656 1222 867 1272 Nuncios,
911 1221 1127 1275 capitula,
1171 1222 1425 1273 Comitatus,
1468 1221 1531 1263 vel
1565 1222 1766 1264 Civitates

284 1280 506 1320 mittendos
548 1278 756 1322 habeant2
799 1280 913 1321 nulla
959 1281 1045 1334 lege
1088 1280 1270 1332 positiva
1313 1280 1522 1320 definitum
1571 1280 1767 1320 hactenus

288 1338 441 1390 reperi.
473 1337 622 1377 Fuisse
655 1343 835 1390 tempus,
865 1340 960 1378 dum
993 1352 1012 1377 e
1045 1338 1234 1390 pluribus
1269 1337 1544 1378 Comitatibus
1578 1345 1768 1390 quatuor,

285 1402 370 1435 tres
396 1409 442 1435 ex
464 1395 687 1446 aliquibus,
720 1409 740 1434 e
763 1395 976 1436 nonnullis
1008 1396 1173 1435 unicum
1198 1397 1249 1435 ad
1270 1394 1448 1435 Comitia
1471 1396 1770 1446 comparuisse,

286 1459 451 1492 vetusta
481 1458 744 1492 monumenta
776 1453 1016 1504 perhibent:
1051 1466 1128 1493 usu
1162 1453 1295 1504 itaque
1329 1453 1481 1493 sensim
1509 1452 1698 1501 invaluit,
1728 1460 1771 1493 ut

290 1511 376 1550 bini
409 1510 492 1549 sint
525 1510 744 1549 moralium
776 1523 1021 1562 corporum,
1064 1511 1212 1562 quibus
1250 1509 1321 1563 jus
1356 1510 1631 1551 comitiorum
1665 1524 1768 1561 pro-

285 1567 424 1619 prium
457 1572 532 1615 est,
565 1574 603 1607 et
634 1580 714 1606 non
748 1567 889 1618 plures
921 1567 1316 1618 Repraesentantesg
1351 1567 1543 1619 capitula
1571 1568 1769 1607 nonnulla

286 1631 444 1673 tamen,
475 1637 547 1663 nec
578 1637 660 1664 non
691 1626 886 1676 quaedam
920 1624 1122 1665 Civitates
1155 1626 1291 1678 regiae
1325 1626 1529 1673 minores,
1571 1637 1767 1676 praeser-

286 1682 359 1722 tim
392 1681 550 1721 nostris
591 1682 871 1734 temporibus,
913 1681 1022 1721 haud
1061 1695 1157 1722 raro
1203 1682 1368 1722 unicum
1410 1688 1567 1721 tantum
1606 1682 1767 1722 mittere

288 1745 404 1780 erant
436 1738 564 1779 soliti.

198 1810 279 1867 Η)
310 1812 534 1865 Ablegatos
565 1811 808 1865 Magnatum
840 1811 1094 1863 absentium,
1128 1812 1208 1852 imo
1241 1811 1459 1852 viduarum
1492 1811 1612 1864 plane
1643 1810 1761 1851 annis

288 1869 411 1910 1557.
446 1870 542 1909 item
577 1869 701 1911 1561.
732 1869 994 1910 Ferdinando
1025 1871 1059 1910 Ι,
1090 1876 1301 1922 regnante,
1334 1870 1516 1920 adeoque
1548 1868 1702 1916 seculo,
1731 1873 1769 1907 et

287 1927 491 1978 amplius,
523 1932 737 1978 antequam
770 1927 833 1966 lex
864 1934 1032 1966 eatenus
1064 1928 1228 1966 condita
1259 1927 1378 1965 fidem
1409 1926 1556 1972 faeiat,
1594 1925 1763 1965 Diaetae

287 1984 544 2032 interfuisse,
577 1983 842 2035 diplomatica
873 1983 965 2038 ejus
994 1984 1084 2023 aevi
1110 1984 1338 2035 fragmenta
1367 1983 1655 2032 prodiderunt.

876 2109 922 2166 §.
964 2109 1075 2156 386.

627 2195 786 2239 Antea
815 2193 1075 2239 οὐδενὶ-πη·
1094 2193 1310 2240 solitam.

312 2290 695 2352 Deputandorum
714 2292 883 2337 electio
915 2291 1059 2338 libera
1081 2293 1263 2354 quidem
1280 2300 1325 2338 et
1343 2301 1578 2340 retroacta
1599 2299 1771 2348 aetate,

176 2365 452 2406 nontamen
490 2374 684 2421 prorsus
728 2358 969 2405 arbitraria
998 2360 1098 2406 suit.
1147 2361 1375 2407 Nuncium
1413 2363 1533 2407 enim
1561 2361 1771 2407 Comita-

176 2435 303 2474 tuum
344 2441 487 2487 agere
529 2442 665 2473 nemo
703 2434 917 2489 poterat,
957 2430 1045 2474 nisi
1086 2429 1227 2475 nobili
1265 2431 1484 2491 prosapia
1524 2435 1679 2485 ortuS,
1717 2442 1772 2472 ac

178 2496 565 2557 possessionatus
609 2492 685 2553 Ὃς
739 2496 828 2541 imo
879 2511 967 2542 neo
1014 2496 1279 2557 Magnatum
1335 2497 1592 2542 absentium
1636 2497 1770 2551 alter,

178 2577 331 2623 neque
371 2562 594 2622 plurium.
646 2578 778 2623 quam
823 2563 1017 2609 duorum
1057 2568 1189 2610 vices
1230 2568 1275 2611 in
1322 2564 1412 2611 hoe
1451 2579 1641 2610 munere
1679 2578 1771 2608 ex-

177 2631 309 2692 plere
353 2629 409 2687 ε).
451 2628 745 2676 Arcebantur
790 2632 1036 2693 aliquando
1075 2633 1129 2678 ab
1159 2633 1323 2679 eodem
1363 2632 1635 2679 sustinendo
1662 2630 1768 2678 Ad—

220 2740 254 2782 -'¹)
284 2742 385 2775 1836.
412 2741 467 2775 45.

221 2798 255 2837 ¹’)
285 2800 385 2833 1625.
413 2800 470 2833 62.
495 2820 541 2827 -
569 2802 669 2836 1655.
695 2802 750 2835 61.
777 2821 819 2827 ——
850 2801 949 2835 1723.
976 2803 1007 2834 7.

223 2856 253 2898 ⁸)
281 2858 385 2892 1681.
416 2860 471 2893 51.
