1941 3143
216 104 277 151 52

215 216 350 264 titulo
379 215 596 263 Coronae
636 215 929 278 HungarIae,
968 222 1156 278 praeter
1190 213 1436 264 Civitatem
1462 216 1803 267 Fluminensem

215 301 301 333 suo
330 300 431 330 cum
458 284 684 342 districtu,
713 285 833 331 istud
852 299 966 330 vero
990 287 1124 330 etiam
1153 288 1298 346 magis
1316 286 1616 347 postliminio,
1633 303 1803 335 acces-

216 356 287 400 sit.
329 353 382 399 Et
412 359 629 414 quantum
657 353 839 413 quidem
868 352 923 397 ad
949 352 1173 413 reliquam
1199 353 1253 399 ab
1281 357 1368 399 isto
1404 354 1663 413 Regionem
1691 359 1803 402 atti-

215 427 312 477 net,
343 420 525 466 dubium
554 423 855 481 caeteroquin
883 420 1057 465 nullum
1085 435 1192 467 esse
1219 428 1392 482 potest7
1418 421 1611 466 eandem
1650 438 1675 468 e
1704 423 1804 469 Co—

213 492 374 534 mitatu
401 487 743 545 Modrussensi‚
772 495 818 534 et
854 487 1183 546 Vinodolensi‚
1216 503 1352 534 secus
1382 503 1566 550 quoque
1602 489 1657 535 ad
1683 489 1804 536 Par-

215 564 287 602 tes
301 555 567 614 Hungariae
599 553 917 613 adnexasjam
946 556 1054 600 olim
1084 556 1417 618 spectantibus,
1447 564 1540 601 tum
1559 570 1584 601 e
1605 561 1804 604 caeteris

209 625 328 682 juris
356 623 647 684 potissimum
684 623 1114 683 Frangepaniorum
1137 659 1149 681 a
1189 630 1234 670 et
1269 623 1528 669 Zriniorum
1557 624 1805 671 ditionibus

216 690 462 736 conflatam
505 688 653 735 fuisse
693 689 764 748 ἤ).
817 690 979 745 Quoad
1016 690 1205 737 Flumen
1247 691 1423 747 solum7
1464 706 1597 752 quam
1636 691 1806 738 Urbem

211 760 318 816 jure
365 757 421 802 ad
468 757 675 803 Goritiae
713 757 988 803 Comitatum
1038 766 1252 821 spectare
1295 758 1696 820 praetendebant,
1748 774 1809 805 ex

215 832 348 887 parte
377 825 585 871 Ducatus
615 823 881 871 Carnioliae
909 826 1286 873 intercedebatur
1313 826 1559 886 aliquando
1581 861 1593 883 7
1631 826 1808 873 nihilo-

215 895 365 939 minus
391 894 606 938 excussis
634 892 892 939 Tabulariis
919 893 1092 954 liquido
1132 895 1302 954 patuit:
1345 892 1590 938 Civitatem
1629 893 1808 937 Flumi-

214 975 410 1007 nensem
438 976 462 1005 a
490 958 744 1006 Comitibus
772 960 1185 1006 Modrussensibus
1203 995 1214 1017 ‚
1246 962 1322 1020 qui
1356 959 1614 1004 Dalmatiae
1646 958 1809 1005 Comi-

215 1035 338 1073 tatus
366 1044 389 1073 a
416 1027 528 1072 Bela
570 1026 664 1071 IIIio
697 1035 881 1072 creatus
910 1028 1011 1084 fuit„
1041 1029 1163 1072 circa
1195 1041 1362 1071 annum
1384 1027 1522 1072 1312.
1566 1025 1622 1071 ad
1651 1025 1810 1072 Fami—

216 1096 323 1141 liam
349 1097 393 1140 in
421 1094 556 1140 Istria
585 1094 833 1153 degentem
860 1095 1151 1149 transvisse,
1182 1093 1383 1154 indeque
1408 1093 1553 1153 longo
1584 1100 1655 1140 sat
1687 1101 1810 1140 tem-

217 1177 333 1223 pore
357 1161 504 1206 Feudi
530 1163 677 1206 instar
701 1176 786 1222 per
811 1162 1092 1208 Austriacos
1118 1160 1360 1222 Principes
1399 1159 1546 1206 fuisse
1576 1160 1807 1208 collatam.

269 1244 317 1295 ᾖ)
350 1242 619 1281 Manifestum
653 1242 692 1281 id
729 1242 884 1283 faciunt
916 1243 1026 1295 leges
1060 1256 1177 1294 quam
1211 1242 1414 1294 plurimae
1438 1247 1475 1281 et
1498 1242 1743 1291 anteriores,
1771 1249 1810 1282 et

328 1299 546 1351 praecipue
580 1299 696 1346 illae,
739 1312 839 1351 quas
872 1302 921 1339 ad
954 1301 1085 1351 Regni
1113 1299 1211 1353 jura
1245 1300 1418 1347 tuenda,
1461 1311 1506 1338 ac
1539 1301 1810 1339 sustentanda

325 1356 486 1396 sancire
510 1356 644 1395 visum
678 1356 770 1405 fuit,
802 1370 892 1396 cum
926 1357 1030 1396 bona
1057 1357 1126 1396 illa
1151 1358 1189 1396 in
1212 1355 1376 1394 Fiscum
1401 1355 1607 1406 publicum
1634 1358 1809 1396 subinde

323 1418 514 1461 renacta,
547 1426 619 1463 per
653 1413 925 1452 Graecensem
959 1413 1000 1452 in
1033 1414 1175 1465 Styria
1207 1412 1419 1453 cameram
1452 1413 1810 1453 administraban-

332 1476 401 1510 tur
421 1470 478 1520 ·).
525 1468 614 1508 Hoc
656 1470 797 1508 eodem
857 1470 1119 1510 fundamento
1159 1472 1213 1510 ΑΟ
1259 1469 1381 1508 1765.
1437 1468 1636 1508 cautelam
1677 1471 1810 1509 inter—

327 1539 504 1578 posuere
546 1526 818 1577 Regnicolae‚
851 1528 1013 1566 decreto
1056 1526 1253 1566 comitiali
1298 1526 1810 1576 expressam‚·adversus

324 1582 547 1623 Littoralis
570 1583 768 1623 austriaci
791 1583 1162 1636 compellationem,
1186 1595 1288 1636 quae
1310 1582 1466 1634 passim
1489 1581 1554 1621 his
1570 1581 1810 1624 Ditionibus

329 1640 419 1679 dari
450 1645 641 1691 coeperat
661 1639 718 1693 b).
852 1641 855 1645 ’

920 1745 969 1801 §.
1009 1748 1089 1793 40.

616 1827 763 1882 Quod
781 1832 907 1875 situs
935 1829 1151 1886 ejusdem
1180 1828 1408 1876 ostendit.

350 1908 475 1956 Situs
500 1910 601 1970 ipse
628 1910 994 1971 geographicus,
1024 1911 1222 1957 Flumen
1255 1913 1301 1956 in
1338 1912 1441 1956 veri
1468 1912 1666 1958 nominis
1692 1911 1810 1958 Dal-

217 1978 356 2024 matia
384 1978 668 2037 perstitisse,
696 1979 809 2022 satis
835 1991 1068 2038 superque
1115 1976 1302 2034 indicat,
1352 1991 1487 2037 quae,
1526 1985 1574 2024 ut
1607 1979 1686 2025 vel
1725 1994 1811 2025 su-

217 2046 378 2107 perius
408 2044 524 2101 (12)
570 2048 771 2088 attactae
799 2043 1103 2090 abdicationis
1144 2043 1329 2090 tabulae
1368 2043 1617 2091 manifeste
1644 2045 1810 2106 desig—

218 2118 345 2169 nant,
387 2126 411 2155 a
460 2110 808 2156 medietate
853 2112 1222 2170 Gvarnarii,
1275 2125 1475 2172 usque
1533 2112 1600 2158 ad
1652 2111 1812 2160 Con-

219 2179 386 2224 fines
438 2178 477 2222 D
495 2192 634 2222 uraz
654 2180 737 2223 zii
798 2178 1152 2225 extendebatur.
1231 2178 1332 2224 Nec
1384 2193 1585 2240 unquam
1634 2179 1811 2227 Civitas

217 2249 307 2292 ista
347 2245 485 2290 ullius
510 2245 861 2291 Provinciarum
889 2249 1226 2292 austriacarum
1267 2246 1630 2293 dominationem
1656 2262 1813 2308 agno-

217 2316 302 2369 vit7
341 2313 419 2358 vel
462 2326 725 2371 agnoscere
753 2313 1027 2373 cogebatur.
1058 2313 1140 2358 sed
1185 2313 1399 2359 distincte
1428 2313 1482 2358 ab
1511 2316 1626 2375 ipsis
1653 2314 1813 2376 Impe-

215 2380 450 2425 ratoribus
479 2379 775 2425 considerata
805 2380 903 2437 fuit„
932 2388 979 2425 ut
1005 2381 1323 2440 Magistratus„
1368 2380 1668 2441 Populusque
1693 2381 1810 2427 Flu-

214 2448 439 2492 minensis
492 2448 787 2506 apertissime
839 2448 1097 2493 docuerunt
1147 2448 1204 2505 c).
1273 2448 1449 2492 Desino
1511 2449 1812 2509 amplioribus

214 2514 376 2575 probis
404 2516 638 2558 immorari
680 2513 742 2572 ⁴¹),
782 2529 900 2574 quae
928 2530 1031 2560 eum
1058 2515 1243 2561 tandem
1269 2515 1538 2577 produxere
1582 2516 1812 2573 effectum,

255 2624 288 2665 a)
315 2627 353 2658 In
374 2627 537 2667 exemplo
555 2627 655 2660 1681.
682 2629 737 2660 71.
769 2647 804 2653 -—
835 2629 936 2663 1687.
963 2631 1018 2662 22.
1045 2649 1089 2655 -
1117 2631 1215 2663 1715.
1246 2629 1321 2662 116.
1349 2633 1385 2662 et
1411 2629 1509 2663 aliae.

254 2671 292 2711 h)
322 2673 412 2704 Anni
438 2673 543 2712 hujus
572 2675 638 2704 Art
662 2674 715 2706 30.

254 2722 285 2757 c)
313 2719 350 2796 13
371 2718 492 2796 ιὶῦιῑΙΙ.
519 2720 678 2761 Supplic.
696 2721 784 2761 Regi
808 2724 841 2752 et
862 2722 986 2762 Regno
1011 2724 1111 2753 Anno
1136 2723 1236 2756 1790.
1262 2727 1298 2756 et
1324 2723 1424 2756 1792.
1451 2723 1569 2756 exhib.
1595 2722 1699 2754 Conr.
1733 2723 1813 2754 Act.

336 2775 418 2797 aum.
459 2775 522 2798 ior.
549 2776 628 2799 ann.

257 2810 293 2851 ιι)
320 2813 658 2891 Ο()η[191’8ι’3)ἰΗίεῑ.
681 2815 768 2855 Reg.
791 2814 910 2854 Hung.
941 2813 982 2845 Τ.
1006 2813 1035 2845 3.
1068 2823 1099 2855 p.
1142 2817 1196 2848 55.
1224 2816 1313 2848 ltetn
1348 2816 1405 2847 cit.
1440 2815 1598 2848 Dissert.
1630 2813 1712 2846 bist.
1736 2812 1812 2845 crit.

313 2869 389 2899 pag.
485 2882 491 2889 .
515 2870 533 2889 c
572 2868 650 2899 seq.
