1941 3143
218 62 313 110 118

215 177 619 235 quantumcunque
661 169 919 233 periculosi
963 165 1146 229 quidam
1177 175 1433 216 novatores
1473 169 1608 215 aliter
1634 181 1809 216 sense-

213 244 322 296 rint,
362 246 500 300 atque
538 238 800 294 docuerint,
838 237 918 283 vel
948 233 1133 280 excludi
1169 248 1195 279 e
1224 235 1540 283 Successione
1573 236 1808 297 legitimus

213 308 393 352 Haeres
423 306 549 352 nullo
581 320 690 351 casu
721 310 936 366 possunt,
963 303 1029 347 uti
1055 315 1144 346 nec
1170 305 1424 363 regnicolis
1453 320 1477 350 a
1506 302 1657 349 debita
1683 303 1803 350 sub-

208 376 419 433 Jectione
448 373 676 418 recedere
714 386 915 432 unquam
954 370 1077 415 licet.

269 455 321 508 *)
355 453 594 492 Elisabetha
636 451 840 491 Ludovici
882 451 913 490 Ι,
957 449 1094 489 Vidua
1135 450 1190 489 Αο
1222 450 1355 499 1385,
1403 463 1536 491 coram
1577 449 1807 491 Ordinibus

326 511 464 549 Budae
489 509 687 557 collectis,
720 507 931 547 solennem
952 507 1118 546 nomine
1139 505 1269 548 Filiae
1288 522 1399 558 suae,
1433 510 1502 548 scd
1522 508 1662 560 utique
1682 521 1809 548 coac-

326 572 406 605 tam
441 566 535 605 fecit
566 566 606 604 in
651 565 835 604 savorem
871 564 1009 604 Caroli
1052 563 1174 602 Parvi
1207 566 1526 613 abdicationem3
1569 566 1641 605 ubi
1671 571 1807 605 tamen

325 623 482 671 Maria,
517 622 704 662 manibus
737 621 1072 661 adversariorum
1110 628 1262 673 erepta,
1294 623 1447 662 Budam
1481 623 1698 662 rediisset:
1731 634 1807 661 as-

327 680 528 719 sentiente
570 679 781 718 Nobilium
824 685 1051 725 conventu,
1098 678 1290 729 Regimen
1335 687 1478 730 postea
1520 693 1608 718 cum
1643 679 1809 719 Corona

327 743 473 788 sponte
506 736 660 775 Marito
685 735 870 783 tradidit,
903 736 1041 786 prouti
1075 735 1112 774 id
1138 736 1399 775 Thuroczius
1426 737 1608 783 recitata,
1640 736 1807 786 ipsius-

325 800 406 833 met
436 793 596 833 Mariae
637 793 823 832 oratione
848 798 1041 831 testatum
1074 791 1316 843 reliquitss).
1350 793 1432 831 Nec
1464 793 1600 831 minus
1628 792 1810 832 violenta

327 851 403 889 sub
447 851 695 901 principium
744 850 823 889 suit
864 849 1073 899 Rudolphi
1118 848 1397 896 renunciatio,
1455 849 1632 887 admotis
1674 849 1808 899 copiis

323 914 568 958 procurata,
611 909 739 946 donec
779 919 853 957 per
892 906 1153 945 concordiam
1189 927 1238 933 -
1271 905 1589 954 cooperantibus
1630 905 1808 956 agnatis,

324 963 498 1015 aliisque
531 963 767 1002 illustribus
809 963 982 1001 Romani
1024 961 1191 1011 Imperii
1222 961 1488 1011 Principibus
1522 983 1573 989 —-
1606 961 1805 1000 Mathiam

324 1020 458 1067 inter,
492 1033 535 1058 ac
568 1020 830 1070 liudolphum
862 1020 1071 1057 reductam
1092 1017 1154 1070 b),
1186 1015 1312 1071 hujus
1344 1017 1548 1057 abdicatio
1580 1017 1622 1057 in
1656 1017 1803 1058 factum

324 1076 602 1115 voluntarium
636 1075 816 1114 transiit,

907 1147 954 1202 ξ.
1000 1148 1108 1193 149.

274 1232 450 1289 Neque
487 1231 756 1289 aem-itudo
800 1234 1121 1277 amissionem
1159 1231 1479 1288 Principalem
1516 1229 1728 1277 involvit.

341 1311 449 1373 Ipse
477 1314 614 1359 etiam
642 1315 960 1373 cujuscunque
978 1311 1272 1374 perdurantis
1301 1312 1605 1371 aegritudinis
1647 1327 1803 1371 casus,

205 1394 290 1440 per
338 1394 472 1439 quam
521 1382 745 1442 Princeps
789 1380 845 1426 ad
885 1379 1092 1439 gerenda
1137 1378 1440 1440 Reipublicae
1482 1380 1801 1439 gubernacula

204 1462 231 1507 p
250 1448 457 1491 enitus
511 1450 569 1493 in
590 1464 613 1493 c
631 1463 696 1509 ap
715 1463 787 1494 ax
822 1447 1125 1503 redderetur,
1167 1448 1466 1492 amissionem
1508 1447 1798 1508 Principatus

205 1528 498 1573 nequaquam
524 1516 751 1572 involvit,
782 1514 865 1560 sed
885 1516 962 1573 jus
991 1514 1240 1570 duntaxat,
1282 1521 1326 1558 et
1354 1513 1687 1574 obligationem
1714 1529 1799 1560 se-

205 1580 402 1625 cumfert
441 1580 647 1642 legitime
696 1582 1045 1644 prospiciendi,
1097 1596 1156 1627 ne
1215 1581 1429 1641 Regnum
1479 1582 1801 1631 detrimentum

202 1649 419 1710 patiatur.

755 1780 1032 1863 Liber
1094 1783 1247 1897 ῌΙ.

643 1910 743 1962 De
785 1909 1053 1963 Incolis
1093 1910 1342 1983 Regni.

851 2011 1062 2066 Caput
1095 2011 1150 2055 1.

328 2080 396 2135 lle
433 2081 708 2142 Statilius,
748 2085 798 2137 et
834 2081 1117 2138 Ordinibus
1155 2083 1317 2153 Regni
1354 2085 1661 2155 generatim.

898 2169 945 2225 ς.
989 2172 1098 2217 150.

691 2252 983 2299 Incolarum
1018 2253 1291 2300 diversitas.

333 2333 595 2380 Incolarum
623 2332 834 2380 Civitatis
877 2342 1025 2381 ortum
1067 2350 1265 2394 eruere,
1304 2342 1350 2382 et
1384 2338 1514 2383 varia
1540 2338 1676 2384 unius
1704 2352 1791 2384 cu-

191 2402 347 2460 jllsvis
387 2403 590 2447 nationis
626 2400 745 2446 labia
783 2401 1083 2460 discernere,
1137 2419 1190 2449 ac
1226 2418 1510 2461 recensere,
1562 2405 1791 2452 historio-

196 2468 426 2530 philorum
471 2475 568 2523 est3
606 2471 884 2531 minimeque
933 2470 1274 2517 infructuosum
1329 2474 1466 2516 etiam
1501 2471 1604 2517 data
1646 2487 1791 2534 opera

198 2549 279 2581 eas
320 2536 541 2580 scientias
575 2536 836 2594 recolenti,
890 2552 1004 2598 quas
1040 2546 1169 2584 aetas
1221 2537 1445 2585 hodierna
1483 2539 1788 2599 politicas,

197 2609 274 2648 aut
301 2604 441 2648 stati
461 2604 647 2649 sticas
672 2607 897 2663 vocavit,
924 2607 972 2652 in
1007 2605 1124 2652 haec
1151 2607 1372 2653 solertius
1398 2606 1641 2667 indagare,
1670 2621 1789 2670 quae

233 2713 266 2748 ὃ)
293 2714 424 2746 Chron.
449 2715 486 2747 P.
511 2715 570 2747 IV.
599 2716 635 2748 C.
662 2718 692 2749 6.

232 2758 421 2840 hfilgagtg
450 2761 589 2842 cequtgs.
615 2763 684 2795 vid.
721 2767 877 2805 possunt
908 2773 962 2806 ap.
998 2763 1161 2806 lstvanfy
1197 2766 1256 2799 lib.
1294 2765 1349 2801 3'4.
1388 2767 1537 2810 ejusque
1582 2766 1782 2800 Continuat,
