1941 3143
1635 152 1695 197 33

120 266 350 314 succincte
397 264 761 327 praemittemus7
812 271 858 310 et
892 264 1009 311 haec
1047 278 1132 326 pro
1161 261 1408 310 Conventu
1450 262 1603 322 Regni
1643 265 1700 311 ad

118 336 247 395 leges
281 338 437 378 mutuo
473 345 708 378 consensu
738 332 1002 390 conclusas,
1037 332 1188 392 Regia
1215 330 1468 379 Sanctione
1508 328 1700 378 firman-

120 402 218 458 das,
254 400 459 460 legitime
494 398 665 445 indicta
700 401 961 447 rectissime
999 398 1287 447 definiemus.

522 635 715 681 Eorum
749 638 893 680 varia
928 635 1302 682 Denommatz'o.

250 731 513 791 Hungarica
541 729 738 777 Comitia
780 731 965 789 (nativo
995 746 1212 778 sermone
1251 731 1433 790 Orszag
1458 728 1705 791 Gyiilesei)

121 802 166 846 in
198 799 532 847 vetustioribus
574 799 877 844 Documentis
897 833 909 853 ἢ
951 806 1087 860 atque
1126 800 1342 844 Decretis
1384 799 1558 843 nostris
1613 797 1704 841 ali—

122 867 300 928 quando
327 866 522 925 Regalia
549 865 771 922 Consilia,
809 872 886 911 aut
917 864 1170 912 Consilium
1198 865 1350 925 Regni
1393 866 1451 924 a).
1492 863 1710 909 Conci-

122 934 137 979 l
156 938 205 979 iu
219 950 278 990 m7
317 933 393 978 vel
421 933 454 978 C
471 948 495 978 o
512 948 584 979 nv
600 948 625 978 e
643 948 672 978 n
689 940 800 990 tus,
851 940 927 979 aut
960 933 994 980 C
1011 949 1037 980 o
1055 949 1127 980 nv
1144 936 1336 990 enti03
1374 931 1621 982 interdumq
1663 936 1712 974 ut

125 1001 207 1046 sub
235 1001 280 1047 S.
307 999 539 1055 LadislaQ
580 1007 625 1045 et
651 998 955 1057 Colomanno,
996 1001 1116 1063 Syn
1132 1016 1158 1047 o
1177 1001 1246 1046 du
1263 1015 1284 1047 s
1324 1016 1344 1047 s
1359 1016 1425 1046 an
1442 1006 1496 1045 ct
1512 1015 1537 1044 a
1557 1015 1569 1054 ς
1608 998 1712 1043 fre-

127 1074 346 1128 quenter:
424 1065 666 1126 Congre
687 1068 851 1125 gatio
925 1068 1251 1126 generalis
1323 1066 1711 1113 dicebantur.

123 1134 317 1179 Diaetae
343 1133 499 1178 titulus
540 1134 749 1192 vulgaris
786 1139 872 1178 est.
911 1133 1272 1181 Recentioribus
1299 1134 1586 1196 temporibus
1611 1146 1712 1178 mos

122 1199 381 1245 invaluerat
406 1199 600 1246 Comitia
622 1200 887 1245 ‘solenniori
926 1202 1284 1262 compellatione
1311 1215 1487 1249 vocare
1508 1218 1517 1246 :
1559 1199 1593 1246 C
1612 1214 1637 1244 o
1655 1215 1716 1244 n-

124 1273 377 1312 ventum
427 1265 466 1310 D
488 1268 683 1311 omino
702 1281 820 1310 rum
884 1268 1331 1327 Praelatorum,
1391 1269 1543 1314 Baro
1562 1282 1636 1312 nu
1657 1281 1716 1321 m„

120 1332 489 1391 Magnatum.
529 1340 587 1377 et
623 1331 706 1376 No
726 1332 937 1378 bilium
958 1369 971 1391 7
1011 1343 1530 1396 caeterorumque
1578 1334 1717 1382 Sta-

123 1407 299 1453 tuum.
339 1406 400 1444 et
438 1398 727 1445 Ordinum
766 1399 965 1459 Regni
1002 1401 1378 1463 Hungariae.
1416 1404 1718 1448 Partium-

129 1481 242 1526 que
282 1469 336 1512 ei
376 1465 743 1513 adnexarum
781 1469 1150 1526 generalem
1190 1469 1250 1528 h).

832 1602 879 1658 ὃ.
921 1603 1033 1650 374.

837 1701 1005 1758 Origo.

264 1799 436 1845 Eadem
477 1811 585 1843 esse
626 1796 746 1857 apud
785 1810 871 1841 nos
900 1795 1199 1843 Comitiorum
1239 1811 1339 1841 cum
1363 1795 1546 1855 legibus
1573 1799 1719 1846 initia.

129 1868 229 1914 Viri
267 1867 387 1911 fama
428 1864 702 1909 eruditionis
753 1863 1107 1908 celebratissimi
1150 1865 1190 1921 ⁰)
1232 1864 1319 1909 fide
1371 1864 1609 1921 historica.
1650 1866 1724 1909 cui

133 1937 216 1980 vix
253 1932 422 1993 aliquid
453 1934 625 1992 opponi
673 1937 827 1991 queat.
866 1930 1003 1990 plene
1052 1932 1251 1976 evictum
1313 1930 1552 1978 dederunt.
1627 1931 1721 1977 Sed

137 2016 255 2062 quae
282 2001 478 2045 retrusis
514 1997 695 2044 Seculis
724 1996 889 2053 forma,
929 2005 975 2043 et
1003 1998 1154 2058 qualia
1189 1998 1373 2055 obJ'ecta
1412 1999 1501 2044 illis
1549 1998 1721 2043 fuerint

136 2070 340 2129 propria7
367 2068 443 2126 qui
470 2068 577 2111 item
605 2064 686 2109 sub
712 2063 935 2119 Ducibus,
963 2065 1041 2111 vel
1066 2066 1225 2125 primis
1259 2068 1395 2110 etiam
1421 2065 1629 2125 Regibus
1649 2067 1726 2123 jus

139 2135 305 2179 ibidem
366 2133 570 2191 suffragii
612 2130 892 2177 habuerint?
951 2131 1006 2177 ad
1043 2132 1226 2193 plenam
1267 2147 1417 2193 usque
1469 2134 1726 2179 claritatem

141 2214 308 2245 eruere
325 2198 513 2243 arduum
539 2197 662 2244 foret
689 2204 735 2244 et
750 2200 873 2245 viam
890 2197 965 2245 bic
991 2200 1326 2261 complanatam
1353 2199 1722 2262 deprehendere.

840 2334 887 2390 ὃ.
929 2335 990 2381 37
997 2336 1040 2381 5.

376 2432 679 2478 Interventus
717 2431 1078 2487 Praelatorum,
1118 2444 1165 2479 et
1198 2434 1503 2492 silaynatum.

280 2529 592 2576 Praelatorum
609 2529 807 2591 quidem,
833 2530 1082 2591 Regnique
1106 2530 1354 2590 Baronum.
1390 2545 1585 2593 quorum
1609 2530 1732 2577 utri-

184 2639 217 2679 a)
248 2639 415 2672 Athricus
435 2641 467 2672 in
490 2642 644 2674 Praesat.
668 2642 710 2674 ad
730 2642 825 2676 Libr.
851 2643 940 2676 Dec.
959 2642 1096 2675 Cotom.

187 2696 222 2736 l·)
248 2696 304 2728 De
331 2696 387 2728 hin
412 2698 544 2729 divers.
565 2699 779 2733 nomenclat.
812 2700 883 2732 vid.
911 2698 1078 2740 Szaszky
1103 2700 1263 2733 Coment.
1290 2700 1374 2734 hist.
1401 2704 1438 2732 et
1464 2701 1561 2742 polit.
1592 2700 1635 2731 de
1664 2699 1734 2730 (Jo-

247 2743 467 2776 mitiis'lncl.
486 2745 574 2785 neg.
597 2746 714 2786 flung.
729 2751 763 2778 et
778 2747 932 2778 Dissert.
958 2747 1000 2778 de
1014 2747 1242 2786 ComitAEeg.
1264 2747 1489 2788 flung-,anno
1516 2746 1617 2778 1791.
1645 2745 1730 2777 edit.

188 2802 217 2839 e)
244 2801 338 2841 Lege
360 2801 472 2831 instar
495 2801 653 2833 omnium
679 2802 827 2835 doctiss.
857 2801 1045 2843 Batthyan.
1075 2804 1117 2835 de
1149 2804 1215 2844 leg.
1242 2804 1345 2835 Ecct.
1372 2805 1461 2844 Reg.
1494 2802 1611 2840 Hung.
1634 2801 1674 2832 Τ.
1697 2801 1731 2831 1.

254 2847 396 2877 dissert.
425 2847 465 2878 de
493 2848 626 2886 Synod.
656 2848 744 2891 Reg.
771 2850 857 2882 item
875 2850 1083 2883 Kovachich
1106 2853 1202 2883 vest.
1221 2850 1318 2884 Com.
1339 2851 1381 2882 T.
1406 2851 1437 2881 1.
1459 2856 1490 2888 p.
1513 2848 1568 2881 30.
1590 2850 1625 2877 et
1648 2855 1731 2888 seq·

256 2902 332 2934 pag.
360 2893 442 2925 item
462 2893 543 2926 211.
557 2893 690 2927 —216.

218 2937 275 2985 11.
1440 2937 1468 2984 3
