1941 3143
146 122 206 168 76

838 231 884 287 §.
926 234 1039 279 447.

220 333 304 378 IV.
342 332 423 378 Ad
454 335 583 378 vires
613 333 867 390 physicas,
908 340 955 376 et
989 329 1212 376 morales
1251 330 1642 389 coquoscendas.

277 429 377 475 Huc
421 430 545 475 Juris
586 429 756 490 publici
808 430 1042 476 Doctores
1094 427 1308 475 referunt
1356 431 1519 475 merito
1560 428 1642 474 Jus
1691 428 1738 474 in

143 513 381 544 numerum
411 498 690 555 Incolarum‚
732 497 987 542 eorundem
1028 504 1258 553 aetatem,
1295 496 1639 552 conditionem,
1692 502 1739 541 et

143 565 389 611 facultates
420 565 687 624 indagandi.
741 572 968 626 tamquam
1011 564 1208 610 medium
1253 564 1308 609 ad
1350 567 1476 610 vires
1528 565 1738 609 Statuum

142 635 350 679 internas
377 632 615 694 physicas.
655 642 700 680 et
726 633 928 679 morales
955 632 1255 688 resciendas3
1294 632 1415 677 unde
1452 639 1617 693 postea
1647 633 1737 675 mi-

142 701 268 747 litiae
296 715 532 758 numerus‚
571 715 649 746 res
677 702 934 759 tributaria,
964 700 1168 747 subsidia
1195 700 1393 761 denique
1420 700 1610 745 alterius
1652 713 1738 743 or-

144 769 261 814 dinis
300 771 345 814 in
373 770 552 829 patriae
594 767 935 815 defensionem.
977 770 1303 823 securitatem.
1342 767 1420 813 vel
1462 770 1734 812 incremen-

142 842 235 881 tum
275 850 358 882 suo
395 836 501 881 loco
530 843 575 881 et
603 839 776 882 certius
804 836 958 897 defigi.
999 843 1043 881 et
1065 837 1190 894 justa
1219 849 1434 880 mensura
1458 833 1735 889 desiderari,

143 912 280 964 atque
321 904 530 949 distribui
568 904 771 950 valeant.
826 906 888 950 At
930 904 985 949 de
1026 904 1095 948 his
1132 902 1358 962 siquidem
1411 902 1651 962 speciatim
1690 903 1738 945 in

142 986 336 1017 numero
365 971 656 1029 objectorum
685 971 984 1018 comitialium
1012 977 1264 1015 censentur
1283 969 1453 1027 (399).
1483 981 1668 1028 semper
1695 969 1741 1012 in

145 1040 354 1086 Comitiis
388 1042 462 1099 agi
488 1073 499 1095 τ,
540 1038 814 1100 delinirique
846 1044 1047 1099 oportet.

826 1174 873 1227 ὃ.
915 1175 1028 1220 448.

584 1274 624 1319 Γ.
664 1272 745 1319 Ad
790 1273 900 1318 Via-9
938 1282 1039 1318 tam
1071 1272 1314 1332 publicas.

278 1373 469 1419 Viarum
502 1371 791 1433 publicarum
841 1377 1097 1425 structura.
1138 1370 1362 1416 directio.
1414 1371 1735 1427 conservatio,

142 1456 250 1503 pars
279 1447 350 1486 est
386 1440 579 1501 politiae
606 1438 837 1500 publicae.
878 1439 1008 1496 cujus
1047 1437 1437 1484 administrandae
1476 1452 1742 1499 supremum

137 1511 233 1568 jus„
275 1510 491 1569 quoniam
513 1506 568 1552 ad
594 1507 773 1565 Regem
800 1508 1003 1565 pertinet.
1032 1507 1201 1564 (445).
1232 1506 1440 1552 dubitare
1468 1521 1561 1552 non
1612 1506 1739 1562 licet,

145 1579 253 1638 quin
294 1578 353 1621 sit
387 1577 432 1620 in
473 1575 574 1632 ejus
610 1579 877 1635 potestate,
931 1576 1203 1619 necessaria
1254 1573 1374 1619 hunc
1414 1576 1460 1619 in
1502 1572 1654 1621 finem.
1695 1578 1742 1617 et

144 1652 250 1706 apta
277 1641 552 1688 adminicula
584 1641 870 1697 decernere.
910 1640 967 1685 ad
993 1641 1167 1700 Legum
1199 1645 1466 1687 sanctiones
1494 1640 1580 1685 hac
1604 1641 1741 1685 etiam

144 1714 190 1758 in
214 1718 346 1773 parte
389 1708 717 1755 effectuandas.
759 1707 876 1752 Hinc
904 1714 992 1764 est.
1032 1708 1156 1768 quod
1186 1708 1289 1753 dum
1314 1709 1528 1770 publicae
1557 1707 1738 1752 utilita-

143 1781 221 1831 tis.
262 1785 337 1824 aut
376 1778 673 1823 necessitatis
702 1790 843 1820 causa
882 1777 958 1821 via
987 1782 1059 1820 est
1089 1776 1434 1832 construenda3
1463 1777 1502 1821 si
1529 1774 1742 1834 erigendi

146 1860 365 1907 aggeres,
403 1851 590 1906 pontes.
631 1845 854 1901 trajectus
895 1842 1156 1899 fluminum3
1197 1845 1236 1890 si
1277 1843 1333 1889 ad
1370 1841 1742 1905 promovendum

143 1915 498 1969 Commercium.
536 1913 812 1971 itinerisque
840 1910 1192 1956 facilitationem
1220 1910 1435 1968 Canales,
1472 1910 1552 1956 vel
1578 1909 1741 1954 ductus

143 1982 287 2028 ferrei
335 1982 449 2026 strui
491 1979 824 2033 intendantur,
875 1978 1011 2022 altior
1052 1980 1463 2038 superinspectio.
1527 1984 1573 2022 et
1610 1978 1743 2036 regia

144 2048 419 2110 adprobatio
449 2046 678 2092 accedere
719 2044 902 2101 debeat.
942 2050 1079 2104 atque
1108 2046 1183 2090 illa
1212 2047 1595 2106 superveniente⁷
1633 2046 1738 2104 pri-

142 2124 357 2163 vatorum
394 2117 532 2160 etiam
559 2112 833 2168 materialia,
881 2127 935 2157 ac
976 2119 1161 2169 tenuta.
1201 2114 1443 2174 persoluto
1483 2113 1611 2170 justo
1650 2126 1742 2157 va-

143 2185 263 2242 lore.
303 2198 360 2229 eo
400 2187 752 2229 convertantur.
795 2180 999 2235 Quorum
1041 2181 1207 2226 intuitu
1249 2182 1382 2242 leges
1429 2182 1656 2227 noviores
1700 2181 1741 2239 ³)

147 2254 358 2313 augustis
387 2251 517 2297 hisce
544 2250 672 2296 curis
713 2248 1011 2310 opitulantur.

840 2383 886 2437 ὃ.
929 2384 1039 2429 449.

733 2482 887 2537 Quam
919 2485 1158 2540 privatas.

283 2581 584 2643 Separandae
610 2579 926 2636 nihilominus,
967 2594 1067 2625 cum
1110 2580 1165 2625 de
1191 2580 1303 2626 Jure
1333 2582 1512 2627 viarum
1552 2582 1745 2642 quaeri-

148 2658 236 2708 tur,
275 2657 380 2696 sunt
406 2652 512 2695 viae
551 2648 790 2711 publicae,
832 2662 856 2692 a
893 2649 1117 2708 privatis;
1155 2651 1279 2694 viam
1315 2652 1435 2695 enim
1476 2651 1572 2695 suis
1613 2663 1745 2695 sum-

149 2720 270 2765 tibus
303 2726 516 2765 sternere
545 2719 589 2762 in
616 2717 853 2762 territorio
885 2729 969 2762 suo
1012 2717 1160 2762 cuivis
1201 2718 1432 2779 integrum
1471 2725 1572 2776 est,
1624 2730 1742 2780 quae

197 2878 229 2922 ³)
257 2880 415 2913 Consule
448 2879 548 2914 1836.
575 2879 631 2914 25.
664 2878 720 2912 26.
742 2896 783 2902 —
812 2875 913 2912 1840.
939 2875 993 2911 40.
1021 2895 1061 2902 -
1094 2875 1195 2912 1848.
1225 2877 1280 2913 30.
