1941 3143
194 69 290 116 170

197 180 496 229 nihilominus
522 184 698 230 nostris
729 183 876 230 adhue
903 183 1064 232 diebus
1092 184 1303 245 Cojudex
1329 184 1532 235 Tabulae
1559 188 1781 252 Septem-

195 250 384 307 viralis,
438 251 770 312 ejusdemque.
825 252 1043 312 impedito
1094 257 1241 315 primo
1292 253 1444 313 Regni
1486 256 1777 318 Magistratu„

188 316 388 363 Praeses
433 319 509 375 ἒ),
549 321 740 380 insuper
788 320 941 364 Judex
983 321 1135 381 Regni
1177 323 1446 368 Ordinarius
1490 322 1565 382 b),
1620 341 1710 386 quo
1753 342 1779 372 e

188 392 411 447 respectu
450 385 768 431 Juramentum
805 387 926 446 Regi
962 391 1007 434 in
1046 403 1206 435 manus
1233 391 1471 449 deponere
1504 391 1693 449 jubetur
1735 395 1776 451 ⁰)

188 467 274 514 pro
314 451 469 498 tabula
508 452 658 512 Regia
684 454 1046 501 Vice-Judicem
1084 456 1277 515 Curiae,
1318 463 1364 502 et
1401 458 1777 507 Protonotarium

189 522 260 566 sui
288 520 440 566 Officii
467 523 709 567 constituit
751 520 826 580 Ὃς
865 523 1064 570 vidimus
1105 525 1302 587 denique
1341 526 1536 572 eundem
1561 528 1776 574 Mandata

186 588 473 643 Judicia1·ia‚
524 588 677 647 sigillo
736 603 820 636 suo
874 594 1080 650 munita,
1132 593 1387 656 expedire„
1440 601 1578 657 atque
1626 598 1780 644 locum

190 654 505 701 authenticum
530 665 908 717 repraesentare.

242 734 292 790 δέ)
310 735 422 782 Quae
447 738 494 776 de
507 738 744 779 revidendis
767 741 1130 793 appellationibus,
1153 757 1200 784 ex
1221 745 1516 785 Transilvania
1538 746 1587 785 ad
1611 745 1779 786 Curiam

297 794 498 843 deductis,
524 795 565 834 in
586 796 804 837 Verbi’chii
829 799 1062 851 Tripartito
1081 801 1318 842 reseruntur
1343 803 1398 856 θ),
1428 810 1465 842 et
1484 816 1583 855 quae
1602 803 1778 843 Uladis-

300 850 391 891 laus
423 851 530 891 circa
564 852 809 895 Castrorum
852 856 1119 898 finitimorum
1163 859 1450 900 lustrationem
1479 861 1517 914 f)
1551 861 1779 910 constituit,

299 909 390 959 quis
422 922 529 948 nunc
562 923 720 963 quoque
761 913 894 953 locum
928 915 1077 954 habere
1119 917 1256 955 dicet?
1295 917 1381 956 Nec
1413 918 1502 956 sine
1534 923 1643 956 metu
1677 930 1780 970 gra-

299 965 464 1005 vissimi
508 967 764 1009 discriminis
809 970 920 1011 fieret
961 972 1208 1023 aliquando,
1255 980 1299 1012 ut
1331 974 1368 1012 si
1408 974 1493 1013 Rex
1535 974 1645 1014 intra
1684 974 1779 1014 anni

294 1022 595 1063 revolutionem
619 1039 692 1075 pro
708 1026 904 1067 electione
927 1028 1105 1068 Palatini
1122 1029 1249 1069 nollet
1273 1029 1452 1070 Comitia
1470 1031 1665 1081 indicere,
1683 1031 1781 1073 haec

296 1091 370 1133 per
389 1079 577 1120 Judicem
603 1081 768 1135 Curiae,
787 1090 857 1124 aut
880 1097 1158 1139 quemcunque
1183 1086 1308 1127 alium
1331 1094 1606 1129 convocentur
1625 1088 1685 1143 8).

869 1176 917 1232 §.
959 1178 1070 1224 233.

768 1262 908 1307 Bam'
945 1263 1196 1309 Croalz'ae.

325 1341 484 1387 Tertio
511 1342 634 1389 inter
670 1341 880 1389 Barones
918 1343 1071 1405 Regni
1097 1345 1362 1406 Hungariae
1402 1346 1509 1392 loco
1538 1345 1778 1404 censetur,

183 1407 476 1469 eundemque
516 1412 562 1456 in
599 1409 807 1457 Comitiis
845 1412 1056 1458 ordinem
1095 1427 1121 1458 e
1156 1414 1311 1473 legum
1345 1416 1639 1475 praescripto
1668 1428 1777 1460 ser-

180 1481 261 1521 vat
301 1475 365 1533 ὴ)9
404 1477 983 1539 BanusRegnorum
1032 1481 1406 1539 Dalmatiae„
1459 1481 1776 1540 Croatiae‚

181 1549 245 1588 et
282 1543 516 1591 Sclavo
536 1547 678 1591 niae
704 1545 757 1605 a)
789 1547 980 1593 brevius
1008 1563 1337 1610 nonnunquam
1372 1550 1570 1596 Banus
1613 1550 1774 1611 Illy-

180 1610 332 1668 ricia
383 1613 463 1658 vel
507 1616 716 1660 tot-ius
776 1615 1172 1662 Sclavoniae
1223 1618 1542 1679 compellatus.
1608 1617 1776 1663 Munus

182 1678 284 1736 ejus
312 1681 639 1741 perantiquum
663 1680 766 1740 Η).
798 1690 935 1744 atque
975 1683 1084 1729 olim
1113 1683 1520 1743 florentissimum,
1560 1692 1629 1731 tot
1655 1687 1778 1731 inter

181 1760 365 1805 rerum,
408 1763 462 1793 ac
499 1756 760 1810 temporum
789 1750 1143 1798 vicissitudines
1181 1754 1458 1814 quandoque
1509 1755 1571 1799 ita
1609 1755 1776 1799 conoi-

179 1814 272 1872 dit,
310 1822 360 1860 ut
398 1817 482 1862 vix
525 1831 698 1863 nomen
730 1824 952 1864 tueretur.
1008 1820 1178 1865 Actum
1223 1820 1329 1866 hinc
1372 1823 1561 1883 saepius
1599 1820 1655 1865 de
1696 1819 1774 1866 illo

180 1883 518 1939 restaurando,
557 1886 944 1946 impetratumque
986 1886 1198 1943 tandem,
1239 1895 1287 1932 ut
1337 1889 1439 1945 diu,
1493 1903 1547 1933 ac
1588 1888 1775 1932 multum

178 1948 441 1995 desiderata
479 1950 667 1997 Banalis
712 1955 963 1998 activitatis
1011 1955 1246 1998 restitutio
1301 1953 1335 2011 i)
1378 1957 1545 2000 iterum
1596 1955 1775 2000 confir-

179 2023 382 2062 maretur
427 2017 486 2075 l‘).
526 2017 631 2064 Non
673 2018 759 2064 fuit
802 2027 956 2065 tamen
1003 2034 1060 2064 eo
1104 2019 1387 2078 deventum.
1426 2029 1475 2067 ut
1516 2024 1644 2082 pari,
1687 2037 1774 2083 qua

177 2091 284 2130 ante
330 2084 670 2131 Ferdinandum
726 2085 795 2138 I..
847 2093 1084 2148 potestate
1131 2087 1392 2135 Provinciis
1450 2089 1537 2135 sibi
1584 2089 1773 2136 creditis

178 2159 454 2212 praeesset&
494 2155 539 2198 in
583 2153 746 2214 quibus
788 2162 1023 2201 caeterum
1071 2170 1194 2201 nunc
1238 2158 1374 2202 etiam
1418 2160 1611 2219 primum
1655 2160 1776 2218 gerit

177 2219 535 2280 Magistratum‚
596 2222 654 2268 ad
694 2225 1020 2270 auctoritatem
1076 2224 1271 2271 Palatini
1313 2227 1359 2273 in
1385 2225 1621 2287 Hungaria
1651 2226 1776 2273 mul—

179 2295 271 2334 tum
305 2288 622 2335 accedentem.

215 2414 254 2451 ³)
280 2415 473 2449 1723-24.
500 2415 529 2456 35.
558 2416 589 2451 21.

213 2459 250 2496 b)
282 2462 384 2495 1486.
412 2464 466 2495 68.
495 2461 524 2503 §.
554 2467 582 2497 1.

217 2506 248 2545 c)
280 2507 382 2541 1486.
410 2510 464 2541 73.

214 2551 251 2594 d)
284 2556 382 2586 1715.
410 2556 465 2587 29.

213 2600 255 2639 o)
281 2602 380 2633 Part.
409 2603 468 2634 111.
493 2605 533 2633 ιι.
558 2602 589 2635 3.

216 2647 252 2687 s)
283 2646 385 2680 1498.
411 2646 468 2681 43.

215 2695 250 2731 8)
277 2695 380 2727 1608.
408 2695 439 2728 3.
466 2691 495 2735 5.
523 2695 553 2725 2.
582 2696 650 2726 ant.
678 2704 751 2726 cor.

212 2740 248 2778 h)
282 2741 386 2772 1687.
416 2741 470 2773 10.
497 2738 529 2780 §.
558 2741 589 2771 1.

216 2785 252 2828 i)
280 2787 380 2820 1608.
408 2789 463 2820 11.
491 2784 521 2827 ᾗ.
547 2786 578 2818 3.
604 2795 633 2817 a.
660 2793 689 2817 c.
723 2786 822 2822 1609.
850 2789 906 2821 27.
932 2791 969 2820 et
993 2789 1047 2821 28.

215 2832 251 2877 1ι)
280 2833 382 2869 1687.
405 2835 460 2869 22.
488 2852 533 2859 —
558 2831 659 2869 1790.
683 2828 740 2865 24.
