1941 3143
1625 44 1717 93 183

137 156 237 203 dem
276 154 413 201 hodie
455 153 592 199 etiam
630 152 780 211 Regia
820 152 1043 210 Majestas
1094 150 1456 211 Magnifici:
1511 152 1715 202 Comites

137 229 312 277 autem,
351 219 771 281 Spectabilis,
813 233 876 263 ac
911 217 1222 278 Magnifici
1273 221 1631 280 compellatione
1670 224 1715 267 in

135 288 326 352 publicis
354 285 729 349 expeditionibus
757 284 985 345 dignatur.

821 383 868 437 ἓ.
909 384 1021 430 250.

274 469 399 515 Ante
434 470 730 514 Austriacos
767 467 928 523 Reges
961 469 1157 524 pariter
1180 469 1293 522 jam
1330 467 1555 514 visibile-3.

263 550 320 597 Et
347 551 449 597 illos
468 550 649 611 quidem
666 548 840 594 liberos
865 547 1094 605 Barones,
1113 548 1411 610 Comitesque
1439 550 1493 595 ab
1511 552 1716 596 austria-

135 635 215 666 cae
253 621 408 681 stirpis
434 617 641 678 Regibus
678 617 968 677 frequentius
1006 618 1278 662 successive
1319 619 1546 663 nominari
1598 633 1717 665 sve-

134 690 277 743 visse,
317 690 362 733 in
400 689 558 748 aprico
600 692 697 741 θεῖς
736 684 1031 729 nihilominus
1073 691 1119 729 et
1144 683 1434 731 Verhiiczius
1470 687 1566 744 Jam
1603 685 1719 731 Ma—

133 771 205 815 gn
223 761 373 811 ates,
421 755 499 800 vel
535 753 809 798 Barones
848 752 951 797 solo
988 752 1174 797 nomine
1222 753 1269 796 in
1304 752 1471 811 Regno
1519 752 1616 797 dari
1642 755 1719 798 in-

135 825 230 868 nuit
271 824 331 881 ⁰),
371 829 417 867 et
440 827 627 882 praeter
653 825 721 866 tot
761 818 1035 865 naturalium
1068 819 1301 864 Baronum
1326 819 1532 865 illustres
1559 819 1717 865 Fami—

135 890 224 934 liae
268 889 349 934 sub
378 889 564 944 Mathia,
605 894 740 948 atque
766 886 1002 932 Uladislao
1039 885 1094 931 ΙΙ.
1142 888 1433 943 recensitae,
1477 901 1667 947 quarum
1694 903 1720 933 e

138 970 326 1002 numero
363 955 650 1016 Banfyanam
689 960 793 999 actu
841 968 892 999 se
936 953 1111 1000 liberos
1149 953 1361 999 Barones
1408 953 1463 999 de
1505 954 1719 1000 Losoncz

138 1023 344 1068 scribere
383 1022 787 1068 animadvertimus
817 1021 985 1079 (⁴246),
1013 1028 1060 1066 et
1082 1021 1382 1081 Privilegium
1398 1020 1620 1067 Uladislai
1645 1023 1721 1081 IL,

137 1092 214 1149 qui
252 1090 583 1149 Georgium,
623 1095 676 1134 et
711 1088 993 1133 Joannem
1028 1087 1257 1148 Dragfy
1292 1090 1340 1133 in
1376 1095 1560 1134 coetum
1588 1091 1723 1136 simi-

137 1156 244 1200 lium
268 1155 556 1201 Baronum
593 1162 850 1216 cooptat
875 1153 946 1212 ff),
983 1157 1082 1212 vix,
1121 1171 1175 1201 ac
1201 1170 1259 1200 ne
1300 1157 1383 1202 vix
1422 1156 1605 1216 quidem
1642 1159 1721 1203 in—

139 1222 343 1267 decisum
386 1222 668 1283 relinquunt,
708 1224 834 1267 initia
860 1221 976 1267 haec
1016 1222 1151 1268 altius
1196 1224 1381 1269 omnino
1426 1237 1534 1269 esse
1573 1239 1720 1286 repe—

138 1288 290 1333 tenda.

193 1368 241 1424 3²)
273 1370 427 1410 Rarum
449 1370 561 1409 istud
591 1367 851 1421 antiquitatis
883 1368 1131 1409 domesticae
1163 1371 1448 1410 documentum
1479 1371 1520 1411 in
1543 1372 1726 1413 Archivo

249 1427 435 1467 Illustris
485 1428 655 1466 condam
703 1426 784 1465 viri
824 1424 991 1478 Aloysii
1029 1426 1080 1466 L.
1122 1426 1167 1466 B.
1213 1428 1534 1481 Mednyanszky
1578 1442 1725 1470 asser-

251 1490 386 1524 vatur.
418 1484 591 1532 Tenus,
622 1495 898 1522 rem-omnem
930 1483 980 1521 ad
1011 1482 1150 1523 vivum
1189 1491 1439 1534 resecantes,
1470 1485 1528 1524 ita
1557 1485 1729 1526 habent:

252 1541 430 1592 „Animo
464 1541 592 1593 igitur
623 1540 873 1588 deliberato,
905 1545 1128 1591 nostraque
1165 1541 1216 1579 ad
1247 1541 1345 1580 haec
1377 1546 1486 1580 certa
1517 1544 1729 1583 accedente

252 1599 515 1649 „voluntate,
580 1603 618 1636 et
666 1596 860 1642 scientia,
921 1596 1009 1635 Vos
1056 1597 1373 1649 (Georgium
1421 1598 1639 1639 scilicet
1681 1607 1729 1640 et

253 1656 532 1706 „Joannem
566 1653 797 1706 Dragfy)
830 1653 1058 1692 vestros
1090 1654 1376 1702 haeredes,
1409 1660 1458 1693 et
1489 1657 1728 1706 posteri-

253 1718 422 1763 „tates
454 1711 743 1751 universos
776 1711 824 1748 de
852 1709 991 1761 regiae
1022 1715 1189 1749 nostrae
1214 1711 1432 1760 potestatis
1460 1711 1728 1761 plenitudine,

255 1776 321 1819 „et
353 1768 486 1820 gratia
516 1773 660 1807 nostra
683 1765 852 1817 speciali
875 1766 914 1804 in
946 1766 1183 1805 Bai-ones
1214 1767 1568 1818 nominamus,
1601 1769 1727 1822 eligi-

254 1839 398 1876 „mus,
444 1830 482 1864 et
522 1836 733 1871 creamus,
765 1822 976 1873 coetuique
1010 1823 1213 1862 Baronum
1246 1824 1547 1874 adscribimus,
1579 1832 1617 1865 et
1651 1840 1727 1865 an-

256 1893 570 1933 ‚‚numeramus,
615 1886 653 1920 et
689 1881 729 1919 in
771 1880 1003 1918 evidentius
1042 1880 1207 1931 signum
1247 1878 1374 1933 hujus
1421 1887 1587 1922 nostrae
1633 1897 1731 1935 erga

256 1940 370 1990 „Vos
403 1939 581 1990 gratiae,
613 1943 651 1976 et
683 1936 990 1976 benevolentiae
1023 1936 1168 1981 Vobis,
1199 1936 1398 1988 dictisque
1431 1937 1596 1978 Vestris
1626 1938 1730 1980 hae-

255 1996 474 2047 „redibus,
506 2002 544 2034 et
576 1994 890 2045 posteritatibus
923 1993 1132 2032 universis
1163 1993 1261 2033 haec
1292 2007 1427 2043 arma,
1459 2008 1531 2035 seu
1561 1996 1730 2036 Nobili-

256 2054 382 2103 „tatis
421 2052 631 2104 insigni-‘³1⁴‘
672 2056 743 2091 etc.
786 2050 838 2090 Et
877 2050 1001 2101 paulo
1042 2050 1174 2090 infra:
1218 2049 1502 2104 „Adjicientes
1545 2053 1732 2105 insuper,

258 2118 324 2159 „et
355 2114 603 2155 annuentes,
643 2112 687 2147 ut
717 2107 827 2156 Vos,
868 2113 906 2146 et
937 2107 1131 2147 universa
1174 2108 1398 2158 posteritas
1437 2109 1588 2148 Vestra
1620 2110 1730 2150 libe-

258 2178 377 2215 ‚,rum
420 2177 536 2204 cerae
568 2165 716 2204 rubrae
748 2166 798 2203 ad
845 2164 942 2203 haec
983 2164 1165 2218 insignia
1204 2165 1468 2216 exprimenda
1502 2179 1645 2215 usum,
1691 2173 1730 2206 et

258 2220 520 2271 „facultatem
562 2221 760 2261 habeatis.
804 2220 913 2261 Una
954 2234 1062 2261 cum
1105 2222 1342 2261 caeteris
1389 2222 1726 2275 privilegiis,

260 2278 606 2328 ‚‚honoribus,
652 2278 1062 2327 libertatibus„
1107 2278 1576 2328 immunitatibus,
1609 2281 1726 2331 qui—

258 2336 583 2386 „buscunque
613 2333 757 2375 aliae
781 2337 926 2386 paris
958 2336 1160 2376 ordinis
1184 2348 1450 2387 personae
1477 2337 1529 2375 in
1559 2336 1727 2391 Reyno

260 2399 464 2442 „nostro
495 2392 804 2446 Hunqariae
833 2394 1063 2441 utuntur,
1096 2392 1304 2441 fruuntur,
1337 2398 1375 2432 et
1406 2394 1585 2445 gaudent
1617 2406 1714 2445 quo—

260 2451 407 2498 „modo
440 2449 537 2488 libet
569 2448 746 2502 dejure,
777 2447 842 2487 vel
874 2449 1182 2489 consvetudine.
1212 2450 1299 2489 Imo
1331 2462 1532 2499 creamuS‚
1565 2451 1729 2490 adscri-

262 2506 440 2554 „bimus,
471 2506 717 2556 damusque,
749 2505 1031 2555 concedimus,
1063 2512 1102 2544 et
1131 2507 1351 2546 annuimus
1384 2506 1528 2546 harum
1561 2513 1730 2547 nostra-

262 2575 404 2609 ‚‚rum,
436 2562 583 2612 quibus
616 2566 815 2600 secretum
847 2561 1036 2613 Sigillum
1062 2562 1274 2612 Nostrum,
1308 2576 1386 2615 quo
1419 2569 1466 2603 ut
1496 2565 1581 2603 Rex
1607 2564 1732 2604 Hun-

264 2618 429 2670 „gariae
460 2618 628 2667 utimur,
661 2623 723 2657 est
754 2630 1013 2669 appressum,
1046 2619 1201 2671 vigore,
1233 2626 1271 2659 et
1301 2620 1538 2660 testimonio
1569 2620 1733 2659 littera-

264 2687 381 2723 „rum
414 2674 630 2715 mediante.
674 2674 823 2714 Datum
870 2675 1006 2716 Budae
1049 2676 1090 2715 in
1133 2676 1352 2717 Dominica
1391 2677 1625 2719 Palmarum
1657 2677 1712 2717 ΑΟ

190 2792 222 2833 ε)
247 2792 285 2825 P.
313 2792 338 2824 1.
366 2796 403 2826 ιι.
431 2792 489 2826 93.
