1941 3143
176 121 268 166 184

169 229 368 276 barbaro
408 227 563 282 hoste„
601 228 778 289 patrios
815 227 941 274 lares
981 229 1247 287 incolente,
1299 245 1415 292 quae
1457 238 1564 291 post
1602 246 1764 294 pacem

172 313 273 344 cum
300 296 466 342 eodem
514 298 689 353 initam,
731 299 1084 357 compositaque
1113 298 1366 344 domestica
1395 299 1602 357 dissidia,
1630 315 1765 346 eom-

171 368 297 412 muni
324 364 660 426 tranquillitati,
700 371 747 409 et
784 366 1072 425 privatorum
1114 367 1282 411 civium
1310 368 1451 426 quieti
1492 367 1613 413 sorte
1648 382 1765 428 per-

172 440 433 496 opportuna
461 431 754 488 credebatur2
802 433 848 476 in
890 446 1067 491 genere
1104 440 1256 479 tamen
1299 434 1461 480 valere
1499 436 1766 496 neutIquam

169 516 316 564 posse
341 501 556 555 videtur;
593 500 672 545 vel
708 513 764 545 eo
792 499 947 560 plane,
983 502 1047 545 uti
1075 500 1256 562 quidam
1281 501 1520 558 volebant,
1559 503 1766 561 extendi,

172 572 305 632 quasi
332 584 454 614 nunc
479 569 617 613 etiam
655 567 825 614 bellum
869 567 1250 629 quaelecunque‚
1298 572 1483 616 nonnisi
1520 573 1764 631 impetrato

171 638 367 700 praevie
395 635 697 682 Comitiorum
736 649 935 681 assensu
974 639 1155 683 moveri
1197 643 1350 697 queat.
1390 638 1588 699 Spiritus
1628 640 1767 696 enim,

174 721 230 752 ac
254 712 392 751 tenor
417 707 518 765 ipse
544 706 904 765 praecitatarum
929 704 1102 764 legum,
1144 704 1200 749 ad
1242 704 1421 750 literam
1453 713 1647 756 sumtus„
1673 705 1766 751 ho-

173 780 294 821 stem
333 775 379 818 in
404 772 572 832 Regno
601 774 810 818 existere
837 774 1086 834 supponit3
1125 779 1262 832 atque
1290 773 1346 818 de
1386 771 1510 819 bello
1544 774 1766 819 duntaxat

173 843 233 888 in
271 841 516 901 Regno,
567 846 625 885 et
661 839 961 886 Partibus
1001 840 1267 886 adnexis
1306 855 1422 886 non
1459 841 1766 887 movendo

177 909 404 956 cautelam
433 907 657 953 extendit.
696 907 771 953 Ad
796 907 913 954 haec
955 909 993 954 si
1020 923 1096 963 eo7
1136 907 1258 967 quod
1299 908 1436 967 paulo
1480 914 1585 953 ante
1624 923 1770 968 prae-

178 991 480 1034 monueram,
541 976 847 1037 respiciatur:
911 975 1193 1034 Hungariam
1233 974 1316 1019 sul)
1368 990 1459 1020 uno
1511 975 1770 1035 eodemque

176 1047 392 1106 Principe
443 1045 645 1090 caeteris
701 1043 1025 1088 haereditariis
1081 1042 1343 1087 Provinciis
1396 1042 1770 1104 inseparabiliter

180 1128 289 1159 esse
312 1113 626 1170 conjunctam„
666 1124 818 1170 neque
847 1109 1144 1171 aliquomodo
1172 1123 1440 1170 supponere
1464 1113 1574 1155 sinit
1599 1110 1767 1155 bellum

177 1181 444 1242 quodpiam,
484 1177 608 1239 quod
635 1178 783 1224 solam
823 1178 1046 1224 duntaxat
1079 1175 1380 1237 Hungariam⁹
1419 1193 1508 1224 nec
1537 1192 1624 1223 una
1651 1193 1767 1223 cae-

179 1256 305 1295 teras
336 1249 473 1294 etiam
501 1247 702 1293 ditiones
743 1245 923 1293 feriret.

862 1382 910 1438 §.
952 1383 1065 1429 634.

704 1483 920 1542 Proprie
955 1486 1218 1543 respicere.

313 1581 547 1640 Objiciunt
581 1595 632 1627 se
659 1579 836 1626 adhaec
879 1582 1131 1641 genericae
1174 1580 1279 1627 huic
1325 1581 1630 1629 restrictioni„
1683 1596 1771 1641 qua

176 1651 280 1696 Rex
307 1651 352 1696 in
380 1651 607 1695 exercitio
636 1648 763 1694 Juris
789 1648 897 1694 belli
936 1664 960 1694 a
1002 1663 1238 1694 consensu
1275 1649 1433 1710 populi
1467 1648 1770 1709 dependeret,

177 1720 444 1780 gravissimi
471 1732 584 1764 sane
622 1720 843 1762 momenti
881 1717 1302 1773 considerationes7
1341 1730 1454 1776 quas
1480 1716 1655 1761 Jurium
1684 1715 1769 1761 Ci-

176 1788 335 1834 vitatis
376 1789 659 1848 interpretes
701 1799 726 1830 e
765 1784 985 1846 professo
1040 1784 1320 1830 evolverunt
1344 1782 1418 1841 ἦ).
1483 1791 1528 1829 et
1563 1783 1770 1841 Majores

177 1855 327 1902 nostri
359 1855 455 1913 jam
505 1853 672 1899 dudum
725 1855 980 1913 agnovisse
1015 1852 1250 1908 videntur7
1313 1866 1414 1896 cum
1460 1851 1657 1909 articuli,
1697 1854 1773 1912 qui

180 1922 433 1969 secundum
464 1923 625 1978 1608„
653 1928 700 1966 et
736 1920 964 1981 reliquos„
1003 1920 1141 1981 paulo
1182 1926 1288 1964 ante
1327 1926 1650 1980 provocatos7
1689 1934 1774 1965 se-

179 1992 272 2036 cuti
310 1996 416 2035 sunt
442 2024 455 2046 ⁷
521 1989 577 2034 de
618 1987 816 2034 consilio
868 1986 1182 2032 tantummodo
1231 1986 1487 2045 hungarico
1524 1986 1580 2030 ad
1624 1988 1771 2045 pacis7

180 2064 461 2117 caeteraque
487 2057 677 2116 negotia
715 2061 896 2112 extera,
934 2054 1147 2114 Regnum
1188 2055 1458 2112 attinent-ia:
1510 2051 1768 2099 adhibendo

180 2126 428 2187 loquantur
471 2124 529 2182 ³).

237 2222 286 2275 ³³⁶)
317 2221 530 2261 Neminem
563 2219 632 2272 qui
666 2219 729 2259 vel
760 2219 802 2259 in
835 2217 941 2267 aevi,
974 2218 1081 2270 quod
1111 2218 1305 2266 vivimus,
1338 2218 1515 2258 historia
1542 2231 1622 2257 non
1652 2230 1777 2269 pror—

295 2291 368 2318 sus
400 2284 462 2318 est
494 2275 756 2329 peregrinus,
800 2276 943 2328 sugere
986 2281 1146 2326 potest,
1188 2281 1439 2327 quantopere
1481 2275 1645 2314 unicum
1680 2288 1778 2326 per-

297 2349 420 2386 saepe
454 2341 701 2374 momentum
735 2335 776 2373 in
810 2333 914 2372 bello
948 2333 1171 2380 movendo,
1212 2339 1282 2371 aut
1314 2346 1411 2383 pace
1451 2331 1699 2371 conficienda
1730 2332 1777 2370 de

296 2399 408 2432 sorte
441 2391 627 2432 universi
670 2389 814 2442 populi
855 2390 1039 2439 decidat,
1087 2402 1284 2440 quamque
1327 2390 1375 2427 ad
1410 2389 1511 2427 illud
1545 2388 1656 2427 felici
1688 2401 1777 2427 cum

299 2462 496 2489 successu
528 2449 751 2501 gerendum
793 2448 1015 2498 adparatus
1057 2446 1253 2494 bellicos,
1288 2452 1326 2484 et
1357 2446 1657 2499 negotiationes
1691 2446 1778 2483 cir-

299 2512 552 2556 cumspecte,
595 2505 805 2553 celeriter,
850 2510 969 2555 atque
1002 2503 1157 2543 occulte
1189 2503 1404 2542 instituere
1437 2508 1638 2554 oporteat.
1670 2502 1779 2541 Num

299 2563 381 2602 ista
411 2575 434 2600 a
466 2562 664 2602 comitiali
699 2562 991 2601 deliberatione
1025 2561 1291 2612 suspendere,
1325 2566 1362 2598 et
1393 2560 1434 2598 in
1467 2559 1631 2610 longius
1671 2563 1779 2597 tem-

299 2632 376 2671 pus
411 2617 582 2671 rejicere
627 2619 715 2658 sine
760 2619 979 2657 manifesto
1022 2618 1184 2657 Patriae
1229 2616 1465 2655 discrimine
1506 2622 1637 2655 tutum
1672 2615 1780 2654 erit?

300 2682 370 2716 aut
400 2676 585 2726 Principi
628 2677 832 2727 integrum
867 2675 1194 2721 conventiones,
1236 2687 1326 2713 cum
1360 2673 1582 2713 foederatis
1614 2672 1778 2712 Princi-

304 2733 425 2786 pibus
458 2745 603 2772 arcane
637 2733 774 2781 initas,
808 2732 952 2771 horum
986 2731 1193 2785 ingratiis,
1226 2737 1263 2771 et
1295 2743 1421 2783 neque
1454 2730 1555 2770 citra
1582 2727 1778 2784 injuriam

227 2895 258 2939 a)
287 2896 387 2930 1681.
412 2893 444 2930 4.
469 2914 510 2920 -
536 2894 637 2930 1715.
660 2891 714 2928 41.
743 2910 781 2916 -
811 2891 912 2926 1741.
938 2893 990 2926 11.
