1941 3143
1642 56 1737 103 179

155 167 289 223 ****)
322 167 424 209 Cum
450 168 726 208 additamento
760 166 905 214 isthoc,
938 165 1044 218 quod
1077 177 1099 204 a
1130 164 1361 217 germanico
1396 162 1555 215 &roff
1584 166 1634 205 ad
1662 178 1739 206 nos

269 226 445 273 venisse,
477 224 643 264 Simone
675 225 723 263 de
754 224 867 262 Keza
899 224 1006 262 viam
1037 222 1157 261 nobis
1188 227 1444 261 monstrante
1465 221 1527 275 ἃ),
1558 234 1640 262 non
1662 229 1741 271 est,

265 295 338 321 cur
369 294 577 330 moneam,
624 281 664 320 in
711 280 985 332 originalibus
1030 279 1299 318 Documentis
1343 284 1557 329 sequentes
1590 281 1742 330 depre-

267 339 388 378 hendi
419 339 613 377 hactenus
647 338 969 385 vetustissimos,
1002 342 1140 387 utpote
1174 337 1221 374 de
1252 336 1370 374 Anno
1407 334 1545 382 1209„
1577 335 1743 374 Joan-

268 408 375 434 nem
421 394 558 434 Grof
601 395 660 433 de
706 394 1006 442 Korbavia,
1054 399 1092 433 et
1126 392 1350 445 Georgium
1394 391 1502 431 Grot'
1531 393 1578 431 dc
1611 391 1740 431 Buzin

270 451 450 506 (Bozin)
484 450 682 492 Comitem
713 450 1022 490 Posoniensem.

840 525 887 580 ὃ.
928 526 1040 571 245.

488 594 583 639 Per
611 606 780 638 omnes·
805 602 906 637 tres
931 594 1121 650 Reymn
1147 589 1409 637 Periodos.

291 676 509 732 Quamvis
536 674 601 719 illi
626 676 767 734 igitur
792 673 1020 734 providae
1059 679 1381 718 antenatorum
1417 670 1735 730 sollicitudini,

160 746 288 803 cujus
313 744 515 802 vestigia
542 741 597 787 ad
624 741 801 787 cladem
826 756 972 801 usque
1000 739 1376 786 Mohacsiensem
1403 742 1448 783 in
1474 739 1588 798 ipsis
1614 739 1742 799 legi-

158 811 242 857 bus
283 809 633 871 deprehendere
672 811 855 854 minime
898 808 1087 853 arduum
1129 810 1240 863 erit,
1281 804 1635 851 adscribendum
1664 808 1740 862 sit5

165 877 287 938 quod
314 878 526 937 Supremi
552 875 756 921 Comites
783 875 1067 936 pedetentim
1106 874 1227 935 apud
1251 887 1338 918 nos
1367 887 1503 917 omne
1529 871 1612 917 Jus
1640 878 1745 917 ter-

165 944 371 990 ritoriale
399 942 666 992 amittendo„
697 958 798 987 cum
825 945 953 988 initio
980 941 1166 988 Periodi
1194 942 1237 987 3.
1266 954 1381 1001 pure
1409 939 1466 984 ad
1491 938 1746 995 PraesidiS‚

164 1011 498 1060 Moderatoris„
537 1016 582 1054 et
623 1009 726 1054 dum
760 1009 988 1055 Nobilitas
1015 1009 1252 1068 gremialis
1292 1022 1416 1052 arma
1445 1009 1600 1068 capit,
1638 1007 1747 1052 An-

165 1079 394 1136 tesignani
430 1076 639 1121 Officium
679 1078 883 1122 restricti
921 1078 1282 1136 conspicIantur.
1334 1074 1564 1132 Majorum
1591 1080 1747 1119 autem

164 1142 374 1199 illorum‚
415 1158 467 1187 ac
501 1142 780 1200 liberorum,
832 1147 934 1189 sive
974 1148 1305 1204 perpetuorum
1343 1141 1613 1187 Jurisdictio
1653 1155 1748 1186 non

164 1209 281 1253 ultra
300 1243 311 1265 ,
353 1223 487 1268 quam
514 1216 806 1255 caeterorum
832 1211 1133 1255 Dominorum
1160 1210 1453 1254 terrestrium
1477 1243 1490 1265 a
1522 1222 1630 1254 sese
1658 1223 1750 1253 ex-

163 1277 371 1336 porrigat
395 1274 447 1332 ᾗ)
467 1310 479 1326 „
518 1274 814 1321 nihilomiuus
842 1284 888 1322 et
927 1277 1004 1322 Ho
1021 1293 1049 1321 n
1067 1292 1128 1321 01·
1155 1276 1189 1321 C
1207 1279 1352 1322 omit
1376 1292 1399 1320 a
1416 1284 1431 1321 t
1448 1290 1578 1320 uum
1595 1310 1607 1332 v
1647 1278 1749 1320 sive

163 1344 376 1403 Supremi
414 1342 604 1386 Comitis
649 1342 846 1401 dignitas
875 1343 930 1388 ob
959 1346 1238 1403 conspicua,
1276 1351 1322 1388 et
1359 1345 1560 1402 insignia
1587 1345 1751 1387 merita

163 1409 366 1455 Familiis
393 1409 627 1454 nonnullis
667 1409 1006 1455 haereditarius
1046 1409 1239 1469 obtigit„
1280 1417 1326 1455 et
1367 1409 1570 1455 Comites
1597 1408 1749 1467 liberi,

168 1492 221 1522 ac
247 1478 461 1538 perpetui
487 1478 654 1537 quovis
683 1483 893 1538 tempore
919 1476 1249 1538 persistebant.

221 1558 272 1612 '‘)
302 1557 472 1597 Praeter
505 1570 623 1597 usum
655 1571 770 1597 cerae
800 1560 974 1606 rubrae,
1023 1559 1091 1610 qui
1130 1559 1250 1597 modo
1282 1557 1437 1597 nemini
1477 1557 1754 1607 interdicitur,

278 1613 484 1653 exclusive
532 1615 616 1663 eis,
662 1622 780 1666 atque
829 1616 1060 1655 Baronibus
1104 1615 1324 1666 aliquando
1367 1626 1632 1662 concessum,
1674 1613 1754 1653 Jus

278 1671 466 1710 dicebant
496 1670 604 1710 intra
636 1670 785 1710 limites
818 1673 883 1711 sui
917 1671 1151 1712 Comitatus
1184 1672 1227 1710 in
1261 1671 1399 1710 causis
1431 1676 1512 1709 tam
1545 1669 1754 1720 civilibus,

279 1740 397 1778 quam
453 1727 736 1768 criminalibus
765 1728 822 1781 ¹³).
871 1728 957 1779 Ipsi
1011 1735 1146 1767 autem
1197 1728 1323 1780 Regis
1378 1726 1510 1766 solius
1557 1727 1755 1766 suberant

280 1783 445 1823 Judicio
468 1783 522 1837 c).
856 1843 888 1898 ὃ
945 1844 1041 1889 046

493 1909 639 1963 Quod
659 1909 888 1956 adductis
916 1909 1156 1968 exempli-s·
1173 1909 1439 1968 probatur.

303 1990 460 2037 Missis
500 1994 701 2037 caeteris
742 1992 1022 2050 liberorum7
1062 1999 1108 2037 et
1142 1992 1367 2049 majorum
1406 1990 1631 2037 Comitum
1658 1990 1753 2037 Fa-

168 2058 333 2113 mitiis„
374 2060 507 2103 citius
548 2061 698 2104 serius
739 2062 1016 2116 exstinctis,
1055 2074 1172 2120 quae
1211 2074 1235 2104 a
1276 2059 1575 2115 domesticis„
1616 2065 1755 2119 atque

173 2127 348 2168 exteris
388 2127 582 2183 insignis
619 2126 892 2174 eruditionis
929 2130 1044 2174 vlris
1080 2128 1276 2187 sparsim
1314 2133 1753 2183 commemorantur,

174 2190 352 2250 aliquos
392 2193 701 2240 tantummodo
753 2194 840 2240 fide
892 2195 1205 2256 Diplomatum
1243 2192 1429 2239 indubia
1480 2208 1754 2250 recensere‚

172 2272 261 2302 una
287 2272 403 2303 vero
430 2258 565 2305 isthIc
592 2263 728 2307 etiam
755 2263 811 2308 ad
827 2262 1036 2309 Barones
1063 2261 1300 2308 naturales
1329 2260 1479 2306 obiter
1505 2259 1755 2306 reflectere

171 2327 321 2370 visum
349 2324 448 2382 fuit,
481 2333 531 2372 ut
555 2335 660 2388 post
686 2337 895 2391 tempora
920 2330 1141 2376 Andreae
1166 2328 1222 2374 ΙΙ.
1252 2342 1438 2389 quoque
1468 2330 1754 2385 continuata,

175 2398 310 2450 atque
360 2392 481 2437 haud
528 2409 727 2456 unquam
776 2400 1033 2458 interrupta
1084 2396 1350 2456 Magnatum
1396 2397 1659 2441 nativorum
1709 2399 1755 2441 in

175 2456 338 2516 Regno
367 2464 632 2520 praesentia
670 2470 797 2510 tanto
837 2464 1115 2510 luculentius
1155 2470 1340 2524 pateat:
1381 2462 1483 2508 Jam
1509 2463 1755 2509 immedia—

179 2529 249 2568 tus
275 2524 491 2572 Andreae
536 2528 592 2573 Il.
636 2530 896 2578 Successor
923 2532 1197 2577 Comitatum
1230 2530 1589 2576 Breberiensem
1618 2531 1648 2577 S
1667 2538 1681 2575 t
1696 2546 1753 2575 e-

176 2589 411 2649 phano,
451 2601 509 2639 et
534 2594 735 2643 Jacou
772 2598 944 2646 filiis
976 2602 1251 2646 Comitis
1276 2599 1605 2657 Stephani,
1649 2600 1753 2643 Co-

215 2699 247 2737 ·’·)
275 2703 435 2743 Append.
457 2704 495 2739 C.
520 2708 550 2739 1.
576 2709 606 2750 ξ.
631 2710 662 2742 2.

215 2747 252 2786 b)
277 2747 376 2781 1495.
404 2750 459 2781 19.

217 2796 248 2833 ⁰)
277 2794 378 2829 1486.
397 2796 453 2828 21.

1379 2843 1492 2893 12⁴*
