<?xml version="1.0" encoding="UTF-8"?>
<!DOCTYPE html PUBLIC "-//W3C//DTD XHTML 1.0 Transitional//EN"
    "http://www.w3.org/TR/xhtml1/DTD/xhtml1-transitional.dtd">
<html xmlns="http://www.w3.org/1999/xhtml" xml:lang="en" lang="en">
 <head>
  <title>
</title>
<meta http-equiv="Content-Type" content="text/html;charset=utf-8" />
  <meta name='ocr-system' content='tesseract 3.04.00' />
  <meta name='ocr-capabilities' content='ocr_page ocr_carea ocr_par ocr_line ocrx_word'/>
</head>
<body>
  <div class='ocr_page' id='page_1' title='image "./conspectusjurisp00czir_0431.png"; bbox 0 0 1941 3143; ppageno 0'>
   <div class='ocr_carea' id='block_1_1' title="bbox 799 115 1691 282">
    <p class='ocr_par' dir='ltr' id='par_1_1' title="bbox 799 115 1691 282">
     <span class='ocr_line' id='line_1_1' title="bbox 1599 115 1691 162; baseline 0.022 -2"><span class='ocrx_word' id='word_1_1' title='bbox 1599 115 1691 162; x_wconf 84' lang='lat'>157</span> 
     </span>
     <span class='ocr_line' id='line_1_2' title="bbox 799 225 999 282; baseline 0 -12"><span class='ocrx_word' id='word_1_2' title='bbox 799 225 847 282; x_wconf 60' lang='grc' dir='ltr'>ξ.</span> <span class='ocrx_word' id='word_1_3' title='bbox 888 227 999 273; x_wconf 82' lang='grc'>586.</span> 
     </span>
    </p>
   </div>
   <div class='ocr_carea' id='block_1_2' title="bbox 670 324 1120 382">
    <p class='ocr_par' dir='ltr' id='par_1_2' title="bbox 670 324 1120 382">
     <span class='ocr_line' id='line_1_3' title="bbox 670 324 1120 382; baseline 0.002 -14"><span class='ocrx_word' id='word_1_4' title='bbox 670 324 852 369; x_wconf 78' lang='lat' dir='ltr'>Parum</span> <span class='ocrx_word' id='word_1_5' title='bbox 886 324 1120 382; x_wconf 78' lang='lat' dir='ltr'>probam.</span> 
     </span>
    </p>
   </div>
   <div class='ocr_carea' id='block_1_3' title="bbox 101 420 1697 1289">
    <p class='ocr_par' dir='ltr' id='par_1_3' title="bbox 101 420 1697 1289">
     <span class='ocr_line' id='line_1_4' title="bbox 240 420 1689 482; baseline 0 -15"><span class='ocrx_word' id='word_1_6' title='bbox 240 421 446 481; x_wconf 84' lang='lat' dir='ltr'>Longior</span> <span class='ocrx_word' id='word_1_7' title='bbox 471 435 529 466; x_wconf 93' lang='lat' dir='ltr'>ne</span> <span class='ocrx_word' id='word_1_8' title='bbox 570 422 683 478; x_wconf 60' lang='lat' dir='ltr'>siin„</span> <span class='ocrx_word' id='word_1_9' title='bbox 723 435 857 481; x_wconf 89' lang='lat' dir='ltr'>quam</span> <span class='ocrx_word' id='word_1_10' title='bbox 895 423 1094 467; x_wconf 80' lang='lat' dir='ltr'>instituti</span> <span class='ocrx_word' id='word_1_11' title='bbox 1129 420 1266 479; x_wconf 89' lang='lat' dir='ltr'>hujus</span> <span class='ocrx_word' id='word_1_12' title='bbox 1305 421 1423 466; x_wconf 90' lang='lat' dir='ltr'>ratio</span> <span class='ocrx_word' id='word_1_13' title='bbox 1464 422 1689 482; x_wconf 59' lang='lat' dir='ltr'>postulat„</span> 
     </span>
     <span class='ocr_line' id='line_1_5' title="bbox 105 488 1692 549; baseline 0 -15"><span class='ocrx_word' id='word_1_14' title='bbox 105 488 360 535; x_wconf 88' lang='lat' dir='ltr'>observare</span> <span class='ocrx_word' id='word_1_15' title='bbox 388 488 579 533; x_wconf 82' lang='lat' dir='ltr'>sufficit:</span> <span class='ocrx_word' id='word_1_16' title='bbox 620 502 709 533; x_wconf 90' lang='lat' dir='ltr'>nec</span> <span class='ocrx_word' id='word_1_17' title='bbox 746 488 849 533; x_wconf 86' lang='lat' dir='ltr'>illas</span> <span class='ocrx_word' id='word_1_18' title='bbox 890 488 1084 549; x_wconf 89' lang='lat' dir='ltr'>duplicis</span> <span class='ocrx_word' id='word_1_19' title='bbox 1126 488 1301 534; x_wconf 89' lang='lat' dir='ltr'>ordinis</span> <span class='ocrx_word' id='word_1_20' title='bbox 1329 490 1692 539; x_wconf 54' lang='lat' dir='ltr'>concessionesq</span> 
     </span>
     <span class='ocr_line' id='line_1_6' title="bbox 101 554 1692 617; baseline -0.001 -15"><span class='ocrx_word' id='word_1_21' title='bbox 101 571 191 602; x_wconf 90' lang='lat' dir='ltr'>nec</span> <span class='ocrx_word' id='word_1_22' title='bbox 216 556 417 602; x_wconf 89' lang='lat' dir='ltr'>oblatum</span> <span class='ocrx_word' id='word_1_23' title='bbox 445 570 469 600; x_wconf 91' lang='lat' dir='ltr'>a</span> <span class='ocrx_word' id='word_1_24' title='bbox 495 554 767 615; x_wconf 88' lang='lat' dir='ltr'>Regnicolis</span> <span class='ocrx_word' id='word_1_25' title='bbox 795 557 841 600; x_wconf 92' lang='lat' dir='ltr'>in</span> <span class='ocrx_word' id='word_1_26' title='bbox 869 555 1171 601; x_wconf 81' lang='lat' dir='ltr'>sublevamen</span> <span class='ocrx_word' id='word_1_27' title='bbox 1198 555 1483 617; x_wconf 89' lang='lat' dir='ltr'>publicarum</span> <span class='ocrx_word' id='word_1_28' title='bbox 1510 570 1692 616; x_wconf 88' lang='lat' dir='ltr'>eroga-</span> 
     </span>
     <span class='ocr_line' id='line_1_7' title="bbox 105 622 1693 684; baseline 0.001 -16"><span class='ocrx_word' id='word_1_29' title='bbox 105 626 307 679; x_wconf 64' lang='lat' dir='ltr'>tionum7</span> <span class='ocrx_word' id='word_1_30' title='bbox 347 638 371 667; x_wconf 87' lang='lat' dir='ltr'>a</span> <span class='ocrx_word' id='word_1_31' title='bbox 409 622 698 684; x_wconf 82' lang='lat' dir='ltr'>Principibus</span> <span class='ocrx_word' id='word_1_32' title='bbox 739 636 857 668; x_wconf 89' lang='lat' dir='ltr'>vero</span> <span class='ocrx_word' id='word_1_33' title='bbox 896 630 1186 684; x_wconf 85' lang='lat' dir='ltr'>acceptatum</span> <span class='ocrx_word' id='word_1_34' title='bbox 1223 625 1360 684; x_wconf 88' lang='lat' dir='ltr'>pretii</span> <span class='ocrx_word' id='word_1_35' title='bbox 1400 630 1693 683; x_wconf 84' lang='lat' dir='ltr'>augmentum</span> 
     </span>
     <span class='ocr_line' id='line_1_8' title="bbox 105 689 1695 752; baseline 0.001 -16"><span class='ocrx_word' id='word_1_36' title='bbox 105 690 333 737; x_wconf 84' lang='lat' dir='ltr'>adversae</span> <span class='ocrx_word' id='word_1_37' title='bbox 371 689 534 736; x_wconf 88' lang='lat' dir='ltr'>favere</span> <span class='ocrx_word' id='word_1_38' title='bbox 576 691 864 745; x_wconf 78' lang='lat' dir='ltr'>sententiae3</span> <span class='ocrx_word' id='word_1_39' title='bbox 902 692 1180 750; x_wconf 87' lang='lat' dir='ltr'>praesertim</span> <span class='ocrx_word' id='word_1_40' title='bbox 1221 693 1260 736; x_wconf 90' lang='lat' dir='ltr'>si</span> <span class='ocrx_word' id='word_1_41' title='bbox 1296 715 1364 723; x_wconf 85' lang='lat'>—-—</span> <span class='ocrx_word' id='word_1_42' title='bbox 1400 693 1466 736; x_wconf 91' lang='lat' dir='ltr'>uti</span> <span class='ocrx_word' id='word_1_43' title='bbox 1506 698 1695 752; x_wconf 80' lang='lat' dir='ltr'>oportet</span> 
     </span>
     <span class='ocr_line' id='line_1_9' title="bbox 103 757 1695 817; baseline 0.001 -14"><span class='ocrx_word' id='word_1_44' title='bbox 103 784 171 791; x_wconf 89' lang='lat'>—</span> <span class='ocrx_word' id='word_1_45' title='bbox 195 765 241 804; x_wconf 92' lang='lat' dir='ltr'>et</span> <span class='ocrx_word' id='word_1_46' title='bbox 267 757 568 803; x_wconf 89' lang='lat' dir='ltr'>articulorum</span> <span class='ocrx_word' id='word_1_47' title='bbox 593 764 802 812; x_wconf 56' lang='lat' dir='ltr'>tenores„</span> <span class='ocrx_word' id='word_1_48' title='bbox 843 763 888 802; x_wconf 92' lang='lat' dir='ltr'>et</span> <span class='ocrx_word' id='word_1_49' title='bbox 914 757 1233 817; x_wconf 86' lang='lat' dir='ltr'>Augustorum</span> <span class='ocrx_word' id='word_1_50' title='bbox 1267 758 1602 815; x_wconf 62' lang='lat' dir='ltr'>resolutiones,</span> <span class='ocrx_word' id='word_1_51' title='bbox 1641 773 1695 804; x_wconf 89' lang='lat' dir='ltr'>ac</span> 
     </span>
     <span class='ocr_line' id='line_1_10' title="bbox 103 825 1691 886; baseline 0.001 -16"><span class='ocrx_word' id='word_1_52' title='bbox 103 839 215 871; x_wconf 86' lang='lat' dir='ltr'>usus</span> <span class='ocrx_word' id='word_1_53' title='bbox 241 827 343 886; x_wconf 89' lang='lat' dir='ltr'>ipse</span> <span class='ocrx_word' id='word_1_54' title='bbox 369 831 496 870; x_wconf 86' lang='lat' dir='ltr'>retro</span> <span class='ocrx_word' id='word_1_55' title='bbox 536 833 744 871; x_wconf 88' lang='lat' dir='ltr'>actorum</span> <span class='ocrx_word' id='word_1_56' title='bbox 780 829 1037 884; x_wconf 90' lang='lat' dir='ltr'>temporum</span> <span class='ocrx_word' id='word_1_57' title='bbox 1078 827 1323 870; x_wconf 89' lang='lat' dir='ltr'>continuus</span> <span class='ocrx_word' id='word_1_58' title='bbox 1351 825 1550 884; x_wconf 89' lang='lat' dir='ltr'>augendi</span> <span class='ocrx_word' id='word_1_59' title='bbox 1577 828 1691 871; x_wconf 89' lang='lat' dir='ltr'>citra</span> 
     </span>
     <span class='ocr_line' id='line_1_11' title="bbox 107 890 1696 952; baseline 0.001 -15"><span class='ocrx_word' id='word_1_60' title='bbox 107 892 385 938; x_wconf 88' lang='lat' dir='ltr'>comitialem</span> <span class='ocrx_word' id='word_1_61' title='bbox 424 890 645 937; x_wconf 80' lang='lat' dir='ltr'>influxum</span> <span class='ocrx_word' id='word_1_62' title='bbox 682 892 791 937; x_wconf 86' lang='lat' dir='ltr'>salis</span> <span class='ocrx_word' id='word_1_63' title='bbox 830 893 968 952; x_wconf 88' lang='lat' dir='ltr'>pretii</span> <span class='ocrx_word' id='word_1_64' title='bbox 1009 891 1162 937; x_wconf 89' lang='lat' dir='ltr'>debite</span> <span class='ocrx_word' id='word_1_65' title='bbox 1190 892 1247 937; x_wconf 90' lang='lat' dir='ltr'>ad</span> <span class='ocrx_word' id='word_1_66' title='bbox 1277 906 1327 937; x_wconf 89' lang='lat' dir='ltr'>se</span> <span class='ocrx_word' id='word_1_67' title='bbox 1354 894 1557 938; x_wconf 90' lang='lat' dir='ltr'>invicem</span> <span class='ocrx_word' id='word_1_68' title='bbox 1587 894 1696 938; x_wconf 82' lang='lat' dir='ltr'>exi-</span> 
     </span>
     <span class='ocr_line' id='line_1_12' title="bbox 107 958 1693 1020; baseline 0.001 -16"><span class='ocrx_word' id='word_1_69' title='bbox 107 966 287 1018; x_wconf 80' lang='lat' dir='ltr'>gantur.</span> <span class='ocrx_word' id='word_1_70' title='bbox 325 958 382 1004; x_wconf 91' lang='lat' dir='ltr'>Et</span> <span class='ocrx_word' id='word_1_71' title='bbox 407 959 514 1019; x_wconf 90' lang='lat' dir='ltr'>quid</span> <span class='ocrx_word' id='word_1_72' title='bbox 551 959 734 1005; x_wconf 87' lang='lat' dir='ltr'>tandem</span> <span class='ocrx_word' id='word_1_73' title='bbox 762 958 942 1015; x_wconf 68' lang='lat' dir='ltr'>obstat,</span> <span class='ocrx_word' id='word_1_74' title='bbox 982 961 1226 1020; x_wconf 87' lang='lat' dir='ltr'>quominus</span> <span class='ocrx_word' id='word_1_75' title='bbox 1263 959 1422 1019; x_wconf 81' lang='lat' dir='ltr'>Reges</span> <span class='ocrx_word' id='word_1_76' title='bbox 1451 958 1506 1004; x_wconf 91' lang='lat' dir='ltr'>de</span> <span class='ocrx_word' id='word_1_77' title='bbox 1534 974 1693 1019; x_wconf 89' lang='lat' dir='ltr'>nego—</span> 
     </span>
     <span class='ocr_line' id='line_1_13' title="bbox 106 1025 1697 1084; baseline 0.001 -14"><span class='ocrx_word' id='word_1_78' title='bbox 106 1029 210 1078; x_wconf 60' lang='lat' dir='ltr'>tiis.)</span> <span class='ocrx_word' id='word_1_79' title='bbox 236 1025 411 1071; x_wconf 84' lang='lat' dir='ltr'>liberae</span> <span class='ocrx_word' id='word_1_80' title='bbox 452 1040 563 1071; x_wconf 90' lang='lat' dir='ltr'>suae</span> <span class='ocrx_word' id='word_1_81' title='bbox 605 1027 867 1072; x_wconf 79' lang='lat' dir='ltr'>auctoritati</span> <span class='ocrx_word' id='word_1_82' title='bbox 908 1025 1161 1084; x_wconf 68' lang='lat' dir='ltr'>subjectis,</span> <span class='ocrx_word' id='word_1_83' title='bbox 1201 1041 1302 1071; x_wconf 90' lang='lat' dir='ltr'>cum</span> <span class='ocrx_word' id='word_1_84' title='bbox 1339 1026 1544 1073; x_wconf 87' lang='lat' dir='ltr'>Statibus</span> <span class='ocrx_word' id='word_1_85' title='bbox 1575 1041 1697 1072; x_wconf 90' lang='lat' dir='ltr'>con-</span> 
     </span>
     <span class='ocr_line' id='line_1_14' title="bbox 107 1093 1691 1155; baseline 0 -16"><span class='ocrx_word' id='word_1_86' title='bbox 107 1093 294 1147; x_wconf 68' lang='lat' dir='ltr'>sultent‚</span> <span class='ocrx_word' id='word_1_87' title='bbox 332 1093 411 1138; x_wconf 87' lang='lat' dir='ltr'>vel</span> <span class='ocrx_word' id='word_1_88' title='bbox 452 1094 656 1139; x_wconf 90' lang='lat' dir='ltr'>subsidia</span> <span class='ocrx_word' id='word_1_89' title='bbox 697 1108 722 1138; x_wconf 88' lang='lat' dir='ltr'>e</span> <span class='ocrx_word' id='word_1_90' title='bbox 748 1093 972 1139; x_wconf 87' lang='lat' dir='ltr'>reditibus</span> <span class='ocrx_word' id='word_1_91' title='bbox 1013 1095 1108 1138; x_wconf 91' lang='lat' dir='ltr'>suis</span> <span class='ocrx_word' id='word_1_92' title='bbox 1150 1093 1375 1153; x_wconf 88' lang='lat' dir='ltr'>augendis</span> <span class='ocrx_word' id='word_1_93' title='bbox 1421 1108 1506 1155; x_wconf 92' lang='lat' dir='ltr'>per</span> <span class='ocrx_word' id='word_1_94' title='bbox 1533 1094 1691 1141; x_wconf 88' lang='lat' dir='ltr'>Status</span> 
     </span>
     <span class='ocr_line' id='line_1_15' title="bbox 105 1160 1692 1222; baseline 0.001 -17"><span class='ocrx_word' id='word_1_95' title='bbox 105 1161 347 1221; x_wconf 89' lang='lat' dir='ltr'>proposita</span> <span class='ocrx_word' id='word_1_96' title='bbox 372 1162 459 1204; x_wconf 88' lang='lat' dir='ltr'>rati</span> <span class='ocrx_word' id='word_1_97' title='bbox 484 1160 709 1219; x_wconf 66' lang='lat' dir='ltr'>habeant7</span> <span class='ocrx_word' id='word_1_98' title='bbox 747 1160 878 1207; x_wconf 87' lang='lat' dir='ltr'>salva</span> <span class='ocrx_word' id='word_1_99' title='bbox 915 1174 1052 1207; x_wconf 88' lang='lat' dir='ltr'>secus</span> <span class='ocrx_word' id='word_1_100' title='bbox 1090 1175 1174 1222; x_wconf 92' lang='lat' dir='ltr'>pro</span> <span class='ocrx_word' id='word_1_101' title='bbox 1217 1160 1408 1207; x_wconf 88' lang='lat' dir='ltr'>arbitrio</span> <span class='ocrx_word' id='word_1_102' title='bbox 1437 1175 1521 1208; x_wconf 89' lang='lat' dir='ltr'>suo</span> <span class='ocrx_word' id='word_1_103' title='bbox 1549 1163 1595 1207; x_wconf 91' lang='lat' dir='ltr'>in</span> <span class='ocrx_word' id='word_1_104' title='bbox 1622 1161 1692 1207; x_wconf 90' lang='lat' dir='ltr'>his</span> 
     </span>
     <span class='ocr_line' id='line_1_16' title="bbox 108 1225 672 1289; baseline 0 -17"><span class='ocrx_word' id='word_1_105' title='bbox 108 1225 384 1289; x_wconf 89' lang='lat' dir='ltr'>disponendi</span> <span class='ocrx_word' id='word_1_106' title='bbox 422 1234 672 1288; x_wconf 88' lang='lat' dir='ltr'>potestate.</span> 
     </span>
    </p>
   </div>
   <div class='ocr_carea' id='block_1_4' title="bbox 476 1326 1331 1481">
    <p class='ocr_par' dir='ltr' id='par_1_4' title="bbox 476 1326 1331 1481">
     <span class='ocr_line' id='line_1_17' title="bbox 798 1326 999 1381; baseline 0 -11"><span class='ocrx_word' id='word_1_107' title='bbox 798 1326 846 1381; x_wconf 61' lang='grc' dir='ltr'>ᾗ.</span> <span class='ocrx_word' id='word_1_108' title='bbox 887 1328 999 1373; x_wconf 83' lang='grc'>587.</span> 
     </span>
     <span class='ocr_line' id='line_1_18' title="bbox 476 1425 1331 1481; baseline 0.001 -10"><span class='ocrx_word' id='word_1_109' title='bbox 476 1425 606 1481; x_wconf 64' lang='lat' dir='ltr'>Quid</span> <span class='ocrx_word' id='word_1_110' title='bbox 638 1435 841 1471; x_wconf 71' lang='lat' dir='ltr'>eatenus</span> <span class='ocrx_word' id='word_1_111' title='bbox 878 1425 1030 1472; x_wconf 83' lang='lat' dir='ltr'>modo</span> <span class='ocrx_word' id='word_1_112' title='bbox 1072 1425 1331 1472; x_wconf 75' lang='lat' dir='ltr'>obtineat?</span> 
     </span>
    </p>
   </div>
   <div class='ocr_carea' id='block_1_5' title="bbox 103 1522 1697 2386">
    <p class='ocr_par' dir='ltr' id='par_1_5' title="bbox 103 1522 1697 2386">
     <span class='ocr_line' id='line_1_19' title="bbox 241 1522 1693 1586; baseline 0.001 -18"><span class='ocrx_word' id='word_1_113' title='bbox 241 1523 365 1583; x_wconf 92' lang='lat' dir='ltr'>Ergo</span> <span class='ocrx_word' id='word_1_114' title='bbox 405 1522 646 1585; x_wconf 92' lang='lat' dir='ltr'>Leopoldo</span> <span class='ocrx_word' id='word_1_115' title='bbox 686 1523 741 1568; x_wconf 93' lang='grc' dir='ltr'>ΙΙ.</span> <span class='ocrx_word' id='word_1_116' title='bbox 782 1531 1010 1584; x_wconf 84' lang='lat' dir='ltr'>regnante</span> <span class='ocrx_word' id='word_1_117' title='bbox 1048 1525 1244 1586; x_wconf 86' lang='lat' dir='ltr'>primum</span> <span class='ocrx_word' id='word_1_118' title='bbox 1284 1525 1583 1570; x_wconf 85' lang='lat' dir='ltr'>constitutum</span> <span class='ocrx_word' id='word_1_119' title='bbox 1608 1539 1693 1570; x_wconf 89' lang='lat' dir='ltr'>re-</span> 
     </span>
     <span class='ocr_line' id='line_1_20' title="bbox 107 1590 1693 1652; baseline 0.002 -16"><span class='ocrx_word' id='word_1_120' title='bbox 107 1592 255 1652; x_wconf 74' lang='lat' dir='ltr'>perio,</span> <span class='ocrx_word' id='word_1_121' title='bbox 294 1591 448 1637; x_wconf 90' lang='lat' dir='ltr'>Salem</span> <span class='ocrx_word' id='word_1_122' title='bbox 486 1598 617 1637; x_wconf 80' lang='lat' dir='ltr'>extra</span> <span class='ocrx_word' id='word_1_123' title='bbox 659 1590 856 1637; x_wconf 86' lang='lat' dir='ltr'>Comitia</span> <span class='ocrx_word' id='word_1_124' title='bbox 892 1606 986 1638; x_wconf 92' lang='lat' dir='ltr'>non</span> <span class='ocrx_word' id='word_1_125' title='bbox 1021 1606 1224 1652; x_wconf 55' lang='lat' dir='ltr'>augere„</span> <span class='ocrx_word' id='word_1_126' title='bbox 1263 1591 1446 1638; x_wconf 88' lang='lat' dir='ltr'>salvo</span> <span class='ocrx_word' id='word_1_127' title='bbox 1486 1598 1693 1639; x_wconf 87' lang='lat' dir='ltr'>tamen</span> 
     </span>
     <span class='ocr_line' id='line_1_21' title="bbox 103 1659 1693 1720; baseline 0.001 -17"><span class='ocrx_word' id='word_1_128' title='bbox 103 1660 247 1716; x_wconf 86' lang='lat' dir='ltr'>jure</span> <span class='ocrx_word' id='word_1_129' title='bbox 285 1659 522 1718; x_wconf 60' lang='lat' dir='ltr'>regali„</span> <span class='ocrx_word' id='word_1_130' title='bbox 561 1666 737 1719; x_wconf 88' lang='lat' dir='ltr'>atque</span> <span class='ocrx_word' id='word_1_131' title='bbox 778 1667 1041 1720; x_wconf 81' lang='lat' dir='ltr'>excepto</span> <span class='ocrx_word' id='word_1_132' title='bbox 1095 1674 1242 1704; x_wconf 91' lang='lat' dir='ltr'>casu</span> <span class='ocrx_word' id='word_1_133' title='bbox 1280 1666 1561 1705; x_wconf 83' lang='lat' dir='ltr'>extreme</span> <span class='ocrx_word' id='word_1_134' title='bbox 1599 1675 1693 1705; x_wconf 91' lang='lat' dir='ltr'>ur-</span> 
     </span>
     <span class='ocr_line' id='line_1_22' title="bbox 108 1725 1689 1787; baseline 0.001 -16"><span class='ocrx_word' id='word_1_135' title='bbox 108 1727 378 1785; x_wconf 86' lang='lat' dir='ltr'>gentium</span> <span class='ocrx_word' id='word_1_136' title='bbox 415 1728 650 1771; x_wconf 88' lang='lat' dir='ltr'>aerarii</span> <span class='ocrx_word' id='word_1_137' title='bbox 688 1728 1313 1771; x_wconf 86' lang='lat' dir='ltr'>circumstantiarum.</span> <span class='ocrx_word' id='word_1_138' title='bbox 1353 1725 1482 1780; x_wconf 84' lang='lat' dir='ltr'>Quae</span> <span class='ocrx_word' id='word_1_139' title='bbox 1518 1734 1689 1787; x_wconf 89' lang='lat' dir='ltr'>poste-</span> 
     </span>
     <span class='ocr_line' id='line_1_23' title="bbox 107 1791 1693 1855; baseline 0.003 -18"><span class='ocrx_word' id='word_1_140' title='bbox 107 1795 204 1838; x_wconf 89' lang='lat' dir='ltr'>rior</span> <span class='ocrx_word' id='word_1_141' title='bbox 231 1792 435 1838; x_wconf 86' lang='lat' dir='ltr'>clausula</span> <span class='ocrx_word' id='word_1_142' title='bbox 473 1793 668 1838; x_wconf 88' lang='lat' dir='ltr'>consilia</span> <span class='ocrx_word' id='word_1_143' title='bbox 706 1794 943 1852; x_wconf 87' lang='lat' dir='ltr'>suggessit</span> <span class='ocrx_word' id='word_1_144' title='bbox 982 1792 1255 1852; x_wconf 88' lang='lat' dir='ltr'>Regnicolis</span> <span class='ocrx_word' id='word_1_145' title='bbox 1296 1791 1350 1837; x_wconf 91' lang='lat' dir='ltr'>ab</span> <span class='ocrx_word' id='word_1_146' title='bbox 1396 1806 1453 1837; x_wconf 92' lang='lat' dir='ltr'>eo</span> <span class='ocrx_word' id='word_1_147' title='bbox 1482 1799 1693 1855; x_wconf 90' lang='lat' dir='ltr'>tempore</span> 
     </span>
     <span class='ocr_line' id='line_1_24' title="bbox 109 1859 1692 1921; baseline 0.001 -16"><span class='ocrx_word' id='word_1_148' title='bbox 109 1859 317 1917; x_wconf 90' lang='lat' dir='ltr'>ejusdem</span> <span class='ocrx_word' id='word_1_149' title='bbox 362 1862 506 1921; x_wconf 88' lang='lat' dir='ltr'>ipsius</span> <span class='ocrx_word' id='word_1_150' title='bbox 546 1862 982 1920; x_wconf 86' lang='lat' dir='ltr'>interpretationem</span> <span class='ocrx_word' id='word_1_151' title='bbox 1032 1874 1158 1906; x_wconf 86' lang='lat' dir='ltr'>nova</span> <span class='ocrx_word' id='word_1_152' title='bbox 1211 1859 1466 1905; x_wconf 89' lang='lat' dir='ltr'>Sanctione</span> <span class='ocrx_word' id='word_1_153' title='bbox 1508 1861 1692 1908; x_wconf 90' lang='lat' dir='ltr'>sollici-</span> 
     </span>
     <span class='ocr_line' id='line_1_25' title="bbox 108 1923 1694 1992; baseline 0.003 -20"><span class='ocrx_word' id='word_1_154' title='bbox 108 1926 234 1973; x_wconf 86' lang='lat' dir='ltr'>tandi</span> <span class='ocrx_word' id='word_1_155' title='bbox 276 1923 344 1992; x_wconf 74' lang='lat'>³),</span> <span class='ocrx_word' id='word_1_156' title='bbox 384 1941 440 1972; x_wconf 89' lang='lat' dir='ltr'>eo</span> <span class='ocrx_word' id='word_1_157' title='bbox 470 1927 649 1973; x_wconf 90' lang='lat' dir='ltr'>scilicet</span> <span class='ocrx_word' id='word_1_158' title='bbox 687 1927 1021 1972; x_wconf 88' lang='lat' dir='ltr'>reducendam:</span> <span class='ocrx_word' id='word_1_159' title='bbox 1063 1933 1113 1972; x_wconf 94' lang='lat' dir='ltr'>ut</span> <span class='ocrx_word' id='word_1_160' title='bbox 1139 1928 1348 1972; x_wconf 88' lang='lat' dir='ltr'>rationes</span> <span class='ocrx_word' id='word_1_161' title='bbox 1383 1926 1593 1986; x_wconf 71' lang='lat' dir='ltr'>eaedem,</span> <span class='ocrx_word' id='word_1_162' title='bbox 1637 1930 1694 1976; x_wconf 94' lang='lat' dir='ltr'>ob</span> 
     </span>
     <span class='ocr_line' id='line_1_26' title="bbox 106 1992 1694 2055; baseline 0.003 -16"><span class='ocrx_word' id='word_1_163' title='bbox 106 2008 219 2054; x_wconf 88' lang='lat' dir='ltr'>quas</span> <span class='ocrx_word' id='word_1_164' title='bbox 246 1993 440 2040; x_wconf 82' lang='lat' dir='ltr'>Comitia</span> <span class='ocrx_word' id='word_1_165' title='bbox 476 1995 657 2041; x_wconf 89' lang='lat' dir='ltr'>servari</span> <span class='ocrx_word' id='word_1_166' title='bbox 691 2008 784 2040; x_wconf 91' lang='lat' dir='ltr'>non</span> <span class='ocrx_word' id='word_1_167' title='bbox 822 2008 966 2055; x_wconf 86' lang='lat' dir='ltr'>posse</span> <span class='ocrx_word' id='word_1_168' title='bbox 1007 1993 1205 2039; x_wconf 88' lang='lat' dir='ltr'>Articuli</span> <span class='ocrx_word' id='word_1_169' title='bbox 1241 1993 1297 2038; x_wconf 91' lang='lat' dir='ltr'>de</span> <span class='ocrx_word' id='word_1_170' title='bbox 1338 1992 1694 2044; x_wconf 87' lang='lat' dir='ltr'>Contributione</span> 
     </span>
     <span class='ocr_line' id='line_1_27' title="bbox 110 2060 1697 2123; baseline 0.003 -19"><span class='ocrx_word' id='word_1_171' title='bbox 110 2068 303 2119; x_wconf 88' lang='lat' dir='ltr'>agentes</span> <span class='ocrx_word' id='word_1_172' title='bbox 344 2061 581 2107; x_wconf 86' lang='lat' dir='ltr'>declarant</span> <span class='ocrx_word' id='word_1_173' title='bbox 621 2061 695 2119; x_wconf 68' lang='lat'>¹³),</span> <span class='ocrx_word' id='word_1_174' title='bbox 733 2061 806 2106; x_wconf 92' lang='lat' dir='ltr'>hic</span> <span class='ocrx_word' id='word_1_175' title='bbox 846 2064 1021 2123; x_wconf 88' lang='lat' dir='ltr'>pariter</span> <span class='ocrx_word' id='word_1_176' title='bbox 1060 2060 1374 2107; x_wconf 89' lang='lat' dir='ltr'>tantummodo</span> <span class='ocrx_word' id='word_1_177' title='bbox 1414 2061 1567 2107; x_wconf 92' lang='lat' dir='ltr'>locum</span> <span class='ocrx_word' id='word_1_178' title='bbox 1606 2063 1697 2108; x_wconf 90' lang='lat' dir='ltr'>ob-</span> 
     </span>
     <span class='ocr_line' id='line_1_28' title="bbox 107 2128 1696 2191; baseline 0.003 -19"><span class='ocrx_word' id='word_1_179' title='bbox 107 2128 297 2173; x_wconf 87' lang='lat' dir='ltr'>tineant.</span> <span class='ocrx_word' id='word_1_180' title='bbox 324 2128 398 2173; x_wconf 91' lang='lat' dir='ltr'>Ad</span> <span class='ocrx_word' id='word_1_181' title='bbox 424 2129 618 2174; x_wconf 86' lang='lat' dir='ltr'>similem</span> <span class='ocrx_word' id='word_1_182' title='bbox 643 2135 796 2174; x_wconf 88' lang='lat' dir='ltr'>tamen</span> <span class='ocrx_word' id='word_1_183' title='bbox 813 2143 897 2174; x_wconf 92' lang='lat' dir='ltr'>seu</span> <span class='ocrx_word' id='word_1_184' title='bbox 922 2128 1328 2185; x_wconf 66' lang='lat' dir='ltr'>modificationem,</span> <span class='ocrx_word' id='word_1_185' title='bbox 1356 2130 1457 2174; x_wconf 89' lang='lat' dir='ltr'>sive</span> <span class='ocrx_word' id='word_1_186' title='bbox 1480 2130 1696 2191; x_wconf 84' lang='lat' dir='ltr'>explica-</span> 
     </span>
     <span class='ocr_line' id='line_1_29' title="bbox 107 2195 1695 2255; baseline 0.003 -16"><span class='ocrx_word' id='word_1_187' title='bbox 107 2196 281 2240; x_wconf 85' lang='lat' dir='ltr'>tionem</span> <span class='ocrx_word' id='word_1_188' title='bbox 309 2208 369 2239; x_wconf 83' lang='lat' dir='ltr'>ex</span> <span class='ocrx_word' id='word_1_189' title='bbox 394 2202 524 2255; x_wconf 88' lang='lat' dir='ltr'>parte</span> <span class='ocrx_word' id='word_1_190' title='bbox 551 2195 728 2254; x_wconf 86' lang='lat' dir='ltr'>Regiae</span> <span class='ocrx_word' id='word_1_191' title='bbox 753 2195 1013 2254; x_wconf 84' lang='lat' dir='ltr'>Majestatis</span> <span class='ocrx_word' id='word_1_192' title='bbox 1042 2209 1284 2240; x_wconf 85' lang='lat' dir='ltr'>accessum</span> <span class='ocrx_word' id='word_1_193' title='bbox 1311 2209 1405 2240; x_wconf 90' lang='lat' dir='ltr'>non</span> <span class='ocrx_word' id='word_1_194' title='bbox 1432 2203 1528 2253; x_wconf 77' lang='lat' dir='ltr'>est3</span> <span class='ocrx_word' id='word_1_195' title='bbox 1567 2197 1695 2252; x_wconf 78' lang='lat' dir='ltr'>Quae</span> 
     </span>
     <span class='ocr_line' id='line_1_30' title="bbox 110 2262 1696 2321; baseline 0.003 -16"><span class='ocrx_word' id='word_1_196' title='bbox 110 2263 271 2307; x_wconf 84' lang='lat' dir='ltr'>stricte</span> <span class='ocrx_word' id='word_1_197' title='bbox 298 2262 417 2321; x_wconf 89' lang='lat' dir='ltr'>legis</span> <span class='ocrx_word' id='word_1_198' title='bbox 443 2262 602 2308; x_wconf 86' lang='lat' dir='ltr'>verbis</span> <span class='ocrx_word' id='word_1_199' title='bbox 629 2263 906 2319; x_wconf 65' lang='lat' dir='ltr'>insistendo,</span> <span class='ocrx_word' id='word_1_200' title='bbox 936 2277 1093 2308; x_wconf 87' lang='lat' dir='ltr'>casum</span> <span class='ocrx_word' id='word_1_201' title='bbox 1132 2269 1371 2307; x_wconf 81' lang='lat' dir='ltr'>extremae</span> <span class='ocrx_word' id='word_1_202' title='bbox 1397 2266 1696 2310; x_wconf 86' lang='lat' dir='ltr'>necessitatis</span> 
     </span>
     <span class='ocr_line' id='line_1_31' title="bbox 114 2328 1122 2386; baseline 0.001 -13"><span class='ocrx_word' id='word_1_203' title='bbox 114 2328 279 2375; x_wconf 87' lang='lat' dir='ltr'>abinde</span> <span class='ocrx_word' id='word_1_204' title='bbox 307 2332 444 2375; x_wconf 87' lang='lat' dir='ltr'>etiam</span> <span class='ocrx_word' id='word_1_205' title='bbox 471 2344 556 2376; x_wconf 92' lang='lat' dir='ltr'>suo</span> <span class='ocrx_word' id='word_1_206' title='bbox 585 2330 911 2377; x_wconf 85' lang='lat' dir='ltr'>determinavit</span> <span class='ocrx_word' id='word_1_207' title='bbox 931 2329 1122 2386; x_wconf 89' lang='lat' dir='ltr'>judicio.</span> 
     </span>
    </p>
   </div>
   <div class='ocr_carea' id='block_1_6' title="bbox 290 2428 1534 2579">
    <p class='ocr_par' dir='ltr' id='par_1_6' title="bbox 290 2428 1534 2579">
     <span class='ocr_line' id='line_1_32' title="bbox 811 2428 1375 2494; baseline 0.005 -24"><span class='ocrx_word' id='word_1_208' title='bbox 811 2428 858 2481; x_wconf 58' lang='grc' dir='ltr'>ξ.</span> <span class='ocrx_word' id='word_1_209' title='bbox 900 2429 1009 2473; x_wconf 84' lang='grc'>588.</span> <span class='ocrx_word' id='word_1_210' title='bbox 1363 2488 1375 2494; x_wconf 69' lang='lat'><em>„</em></span> 
     </span>
     <span class='ocr_line' id='line_1_33' title="bbox 290 2520 1534 2579; baseline 0 -12"><span class='ocrx_word' id='word_1_211' title='bbox 290 2523 415 2568; x_wconf 62' lang='grc' dir='ltr'><em>Ρανό·</em></span> <span class='ocrx_word' id='word_1_212' title='bbox 452 2521 575 2568; x_wconf 72' lang='lat' dir='ltr'>salis</span> <span class='ocrx_word' id='word_1_213' title='bbox 606 2524 765 2579; x_wconf 68' lang='lat' dir='ltr'>pretii</span> <span class='ocrx_word' id='word_1_214' title='bbox 800 2521 1032 2579; x_wconf 71' lang='lat' dir='ltr'>operibus</span> <span class='ocrx_word' id='word_1_215' title='bbox 1064 2520 1278 2579; x_wconf 71' lang='lat' dir='ltr'>publicis</span> <span class='ocrx_word' id='word_1_216' title='bbox 1317 2535 1534 2572; x_wconf 76' lang='lat' dir='ltr'>sacrata.</span> 
     </span>
    </p>
   </div>
   <div class='ocr_carea' id='block_1_7' title="bbox 112 2616 1694 2747">
    <p class='ocr_par' dir='ltr' id='par_1_7' title="bbox 112 2616 1694 2747">
     <span class='ocr_line' id='line_1_34' title="bbox 244 2616 1694 2679; baseline 0.001 -18"><span class='ocrx_word' id='word_1_217' title='bbox 244 2616 447 2662; x_wconf 88' lang='lat' dir='ltr'>Fundum</span> <span class='ocrx_word' id='word_1_218' title='bbox 493 2633 554 2662; x_wconf 82' lang='lat' dir='ltr'>ex</span> <span class='ocrx_word' id='word_1_219' title='bbox 598 2624 731 2662; x_wconf 88' lang='lat' dir='ltr'>aucto</span> <span class='ocrx_word' id='word_1_220' title='bbox 775 2617 885 2663; x_wconf 88' lang='lat' dir='ltr'>salis</span> <span class='ocrx_word' id='word_1_221' title='bbox 928 2619 1109 2678; x_wconf 71' lang='lat' dir='ltr'>pretio,</span> <span class='ocrx_word' id='word_1_222' title='bbox 1149 2618 1314 2664; x_wconf 88' lang='lat' dir='ltr'>additis</span> <span class='ocrx_word' id='word_1_223' title='bbox 1353 2618 1410 2664; x_wconf 89' lang='lat' dir='ltr'>ad</span> <span class='ocrx_word' id='word_1_224' title='bbox 1444 2618 1694 2679; x_wconf 86' lang='lat' dir='ltr'>quemlibet</span> 
     </span>
     <span class='ocr_line' id='line_1_35' title="bbox 112 2683 1694 2747; baseline 0.001 -17"><span class='ocrx_word' id='word_1_225' title='bbox 112 2686 425 2730; x_wconf 88' lang='lat' dir='ltr'>centenarium</span> <span class='ocrx_word' id='word_1_226' title='bbox 452 2683 693 2729; x_wconf 87' lang='lat' dir='ltr'>cruciferis</span> <span class='ocrx_word' id='word_1_227' title='bbox 721 2684 890 2742; x_wconf 64' lang='lat' dir='ltr'>tribus,</span> <span class='ocrx_word' id='word_1_228' title='bbox 930 2684 1073 2731; x_wconf 85' lang='lat' dir='ltr'>Maria</span> <span class='ocrx_word' id='word_1_229' title='bbox 1101 2684 1323 2732; x_wconf 86' lang='lat' dir='ltr'>Theresia</span> <span class='ocrx_word' id='word_1_230' title='bbox 1360 2700 1444 2747; x_wconf 87' lang='lat' dir='ltr'>pro</span> <span class='ocrx_word' id='word_1_231' title='bbox 1472 2687 1694 2747; x_wconf 83' lang='lat' dir='ltr'>expensis</span> 
     </span>
    </p>
   </div>
   <div class='ocr_carea' id='block_1_8' title="bbox 116 2781 356 2786">
    <p class='ocr_par' dir='ltr' id='par_1_8' title="bbox 116 2781 356 2786">
     <span class='ocr_line' id='line_1_36' title="bbox 116 2781 356 2786; baseline 0 0"><span class='ocrx_word' id='word_1_232' title='bbox 116 2781 356 2786; x_wconf 95' lang='lat' dir='ltr'> </span> 
     </span>
    </p>
   </div>
   <div class='ocr_carea' id='block_1_9' title="bbox 152 2811 1317 2910">
    <p class='ocr_par' dir='ltr' id='par_1_9' title="bbox 152 2811 1317 2910">
     <span class='ocr_line' id='line_1_37' title="bbox 152 2811 1317 2856; baseline 0.004 -14"><span class='ocrx_word' id='word_1_233' title='bbox 152 2811 183 2849; x_wconf 75' lang='lat'>³)</span> <span class='ocrx_word' id='word_1_234' title='bbox 212 2812 290 2843; x_wconf 78' lang='lat' dir='ltr'>vid.</span> <span class='ocrx_word' id='word_1_235' title='bbox 316 2815 382 2844; x_wconf 79' lang='lat' dir='ltr'>act.</span> <span class='ocrx_word' id='word_1_236' title='bbox 409 2812 526 2844; x_wconf 86' lang='lat' dir='ltr'>Diaet.</span> <span class='ocrx_word' id='word_1_237' title='bbox 555 2813 739 2854; x_wconf 79' lang='lat' dir='ltr'>cumpriin.</span> <span class='ocrx_word' id='word_1_238' title='bbox 771 2815 860 2847; x_wconf 75' lang='lat' dir='ltr'>Anni</span> <span class='ocrx_word' id='word_1_239' title='bbox 888 2815 989 2848; x_wconf 84' lang='lat'><strong>1807.</strong></span> <span class='ocrx_word' id='word_1_240' title='bbox 1017 2824 1048 2856; x_wconf 83' lang='lat' dir='ltr'>p.</span> <span class='ocrx_word' id='word_1_241' title='bbox 1074 2813 1155 2848; x_wconf 74' lang='lat'><strong>381,</strong></span> <span class='ocrx_word' id='word_1_242' title='bbox 1182 2817 1219 2848; x_wconf 83' lang='lat' dir='ltr'>et</span> <span class='ocrx_word' id='word_1_243' title='bbox 1245 2823 1317 2856; x_wconf 83' lang='lat' dir='ltr'>seq.</span> 
     </span>
     <span class='ocr_line' id='line_1_38' title="bbox 152 2867 661 2910; baseline 0.006 -9"><span class='ocrx_word' id='word_1_244' title='bbox 152 2868 188 2910; x_wconf 80' lang='lat' dir='ltr'>b)</span> <span class='ocrx_word' id='word_1_245' title='bbox 217 2869 317 2902; x_wconf 80' lang='lat'>1715.</span> <span class='ocrx_word' id='word_1_246' title='bbox 344 2868 378 2901; x_wconf 81' lang='lat'>8.</span> <span class='ocrx_word' id='word_1_247' title='bbox 404 2887 448 2893; x_wconf 86' lang='lat'><strong>—</strong></span> <span class='ocrx_word' id='word_1_248' title='bbox 474 2867 577 2904; x_wconf 71' lang='lat'><strong>1741.</strong></span> <span class='ocrx_word' id='word_1_249' title='bbox 605 2870 661 2904; x_wconf 77' lang='lat'>22.</span> 
     </span>
    </p>
   </div>
  </div>
 </body>
</html>
