1941 3143
247 104 346 154 210

890 210 1102 266 Caput
1132 212 1208 257 V.

326 304 396 355 De
449 300 704 371 politica
754 299 1147 353 comitatuum
1197 299 1757 356 Administratioue.

960 438 968 447 .
1011 403 1122 449 683.

642 401 1000 545 Arqmnentjm
1035 487 1183 542 hujus
1225 488 1427 546 Capitis.

379 585 449 629 De
484 583 637 643 Regni
678 582 945 642 Hungariae
981 585 1232 644 partitione
1273 585 1318 629 in
1359 583 1644 639 Comitatus„v
1684 584 1835 646 deque

242 654 403 699 horum
427 653 561 709 juxta
580 685 592 707 ,
634 665 688 695 ac
714 650 1047 711 Supremorum
1075 649 1303 696 Comitum
1332 652 1538 697 exordiis
1567 652 1735 698 dictum
1763 659 1836 698 est

246 723 343 766 suis
371 720 513 765 locis:
555 719 704 779 qualis
747 725 899 763 autem
928 725 1035 764 tunc
1060 721 1238 764 veteriS
1278 718 1413 777 hujus
1442 720 1638 765 instituti
1669 720 1833 777 forma⁷

242 804 295 833 ac
335 794 540 848 systema
593 785 763 842 suerit„
815 801 928 846 quas
973 786 1077 831 dein
1128 786 1480 831 vicissitudines
1523 801 1607 847 per
1646 787 1834 833 diversa

239 862 500 915 temporum
526 852 773 899 intervalla
791 854 1001 908 subierin
1021 867 1203 913 quaeve
1229 855 1434 911 viguerit
1461 856 1625 913 quavis
1653 854 1832 914 epocha

238 924 573 981 negotiorum,
624 923 668 966 in
709 919 1012 965 Comitatibus
1069 919 1446 975 tractandorum,
1506 922 1662 977 ratio,
1718 934 1835 980 quae

240 992 422 1035 interna
463 989 751 1047 singulorum
793 989 1094 1041 constitutio„
1135 1001 1329 1047 quorum
1358 989 1557 1032 omnium
1584 1001 1692 1048 pars
1730 1001 1837 1032 ma-

238 1060 360 1102 xima
387 1059 431 1100 in
461 1055 747 1112 conjecturis
788 1054 1023 1110 subsistit,
1064 1053 1214 1099 thema
1240 1079 1308 1086 -—-
1346 1054 1462 1099 cedo
1489 1081 1557 1088 -—
1588 1069 1680 1100 non
1708 1055 1836 1112 inju-

241 1124 436 1168 cundum
465 1125 668 1183 penitius
709 1121 921 1181 ingredi7
961 1129 1098 1181 atque
1140 1122 1374 1167 discutere
1415 1137 1508 1167 non
1550 1128 1621 1167 est
1649 1121 1833 1167 consilii

239 1193 419 1245 nostri3
461 1198 631 1250 quanta
658 1191 796 1248 igitur
823 1192 1024 1235 veritate
1052 1193 1282 1246 nitantur7
1323 1204 1440 1249 quae
1478 1190 1533 1235 de
1562 1189 1650 1235 illis
1679 1189 1832 1234 Fran-

238 1261 392 1304 ciscus
439 1258 644 1303 Adamus
685 1256 846 1302 Kollar
888 1258 961 1315 Ἶ,
1014 1257 1138 1319 Pray
1179 1256 1252 1314 h),
1305 1264 1441 1317 atque
1483 1257 1748 1318 complures
1791 1256 1832 1313 ε)

238 1326 556 1379 tradiderunt„
606 1324 771 1370 lubens
824 1327 879 1370 iis
920 1325 1133 1384 relinquo
1186 1325 1630 1385 pervestigandum,
1670 1323 1833 1384 quibus

238 1394 293 1439 ad
320 1395 502 1439 Patriae
540 1393 794 1438 Historiam
834 1392 1151 1438 illustrandam
1191 1391 1301 1437 illud
1338 1394 1561 1453 prosequi
1590 1394 1634 1437 in
1660 1393 1831 1448 animo,

238 1477 292 1507 ac
333 1462 512 1507 deliciis
541 1461 695 1507 fuerit.

928 1597 975 1652 ξ.
1017 1597 1129 1643 684.

664 1682 1006 1739 0072yreyat2‘0
1051 1680 1394 1726 Comz'taluum.

374 1778 449 1825 Uti
473 1793 592 1825 vero
632 1777 888 1825 Comitatus
929 1777 1067 1823 modo
1109 1779 1379 1838 provisorio
1422 1777 1676 1824 adhucdum
1714 1791 1831 1838 per-

239 1849 409 1895 sistere
438 1847 708 1893 sinebantur
758 1847 828 1904 (§.
863 1846 1022 1903 677.)‚
1063 1860 1223 1890 eorum
1274 1847 1424 1905 quivis
1462 1861 1570 1907 pars
1609 1852 1697 1902 est,
1746 1859 1830 1890 seu

236 1914 529 1977 provinciola
565 1914 808 1973 quaedam,
847 1915 893 1956 in
919 1913 1076 1973 plures
1114 1912 1365 1966 districtu&
1408 1920 1484 1957 aut,
1508 1939 1576 1945 -—
1599 1915 1831 1958 usitatiori

235 1990 396 2027 nostra
424 1981 644 2041 loquendi
683 1979 879 2025 formula
905 2005 971 2011 —
997 1979 1254 2023 Processus
1295 1978 1492 2025 tributa.
1541 1981 1674 2037 quus
1713 1992 1828 2038 gre-

235 2049 385 2094 mialis
425 2048 643 2093 nobilitas
686 2061 856 2108 eorpus
885 2047 1109 2102 Statuunu
1162 2052 1208 2090 et
1235 2045 1455 2090 Ordinum
1486 2048 1680 2104 junctim
1719 2046 1829 2090 etti-

239 2119 368 2162 ciens
396 2131 480 2161 suo
522 2130 623 2160 cum
659 2115 965 2174 Magistratu.
1021 2112 1198 2172 subque
1238 2112 1378 2171 legali
1409 2112 1710 2159 Moderatore
1736 2127 1829 2174 pu-

235 2184 354 2229 blica
382 2185 589 2242 negotia,
630 2185 784 2227 causis
813 2181 1042 2237 civilibus‚
1084 2187 1129 2225 et
1156 2180 1467 2226 criminalibus
1497 2181 1677 2236 demtis7
1707 2193 1827 2240 quae

235 2278 302 2284 —
327 2259 374 2296 ut
413 2265 499 2296 suo
540 2250 647 2295 loco
688 2249 856 2295 redibit
888 2274 956 2282 -
995 2251 1040 2293 in
1085 2247 1198 2292 sede
1240 2247 1548 2293 Comitatuum
1577 2247 1827 2293 Judiciaria

238 2324 606 2379 cognoscuntur„
644 2318 823 2378 reliqua
865 2323 955 2362 tam
990 2315 1198 2376 politica7
1241 2329 1375 2374 quam
1416 2316 1736 2366 oeconomica„
1775 2326 1827 2357 re

236 2387 477 2432 tributaria
503 2386 688 2430 minime
716 2390 933 2445 excepta,
974 2398 1034 2428 ex
1059 2384 1212 2430 veteri
1255 2383 1482 2439 institth
1522 2389 1567 2427 et
1593 2382 1826 2435 libertate,

234 2454 289 2499 ab
328 2456 442 2514 ipsis
480 2452 817 2514 propemodum
858 2451 1011 2511 Regni
1049 2448 1289 2495 cunabulis
1342 2457 1620 2496 occurrente
1662 2448 1734 2510 ὁ),
1781 2450 1827 2493 in

271 2597 303 2635 ³)
331 2599 369 2630 ln
398 2598 490 2631 Hist,
516 2598 595 2630 Jur.
622 2597 724 2633 Publ.
752 2597 930 2630 Amoenit.
957 2597 1102 2629 Votum.
1130 2600 1295 2638 utroque.

273 2655 307 2692 ¹³)
337 2657 428 2695 Pray
464 2655 496 2686 in
526 2655 635 2687 Notit.
663 2656 704 2687 ad
733 2655 824 2688 Hist.
852 2656 970 2696 Hung.
1002 2665 1032 2696 p.
1059 2655 1115 2687 73.
1141 2659 1174 2687 et
1201 2663 1277 2695 seq.

271 2714 303 2753 c)
330 2713 545 2745 Nominatim
575 2712 711 2744 Katona
740 2714 829 2745 nist.
857 2714 942 2746 Crit.
969 2714 1009 2746 T.
1049 2715 1078 2746 1.
1104 2723 1135 2755 p.
1173 2713 1229 2745 86.
1270 2716 1307 2744 et
1336 2721 1409 2753 seq.
1436 2708 1643 2743 Kovachich
1682 2707 1715 2739 in
1741 2707 1824 2739 Not.

337 2760 466 2791 Comit.
494 2759 608 2790 Butkn
636 2764 706 2792 not.
734 2760 816 2800 dipl.
844 2764 917 2792 vet.
945 2761 1072 2792 const.
1099 2759 1226 2792 Comit.
1252 2775 1297 2780 —
1322 2759 1433 2792 Mam.
1458 2756 1533 2791 Be'l.
1558 2772 1603 2778 -—
1629 2754 1826 2786 Timon.—

248 2823 251 2825 >
339 2807 508 2847 Piringer
533 2810 600 2839 etc.

273 2863 309 2906 d)
337 2864 473 2897 Cotom.
501 2865 545 2897 D.
571 2864 610 2896 L.
639 2865 669 2897 1.
696 2862 734 2897 C.
759 2861 1026 2895 28.——36.——37.
