1941 3143
1590 93 1682 139 199

205 204 343 252 rebat)
380 202 557 244 Consilii
589 203 637 241 ad
670 202 818 253 Regem
853 202 1156 242 Fet-dinandum
1190 201 1218 241 1.
1253 201 1329 239 sub
1361 201 1680 241 Locumtenente

206 260 332 300 Paulo
366 260 518 298 Vairdai
551 266 784 304 exaratum3
829 273 898 298 nec
933 273 1010 297 non
1054 257 1288 297 collationis
1323 258 1536 308 Diploma,
1571 260 1680 310 quod

204 317 307 356 alias
341 316 655 367 provocavimus
701 315 853 366 (2:30),
899 329 1023 366 super
1054 315 1230 353 Palatini
1264 327 1429 352 inuuere
1464 315 1680 353 Nzidasdio

204 374 365 413 collato.
420 373 622 411 Subnerto
666 386 711 410 cx
755 372 828 411 boc
872 374 1017 410 iterum
1062 373 1109 410 ad
1155 369 1349 424 majorem
1394 370 1510 409 fidem
1556 372 1679 410 dictis

203 430 511 474 conciliandam,
545 441 644 479 quae
677 429 751 467 buc
777 429 1006 468 conserunt.
1039 428 1213 475 „Nobis,
1247 428 1368 466 rebus
1395 428 1568 466 maxime
1588 428 1676 466 dif-

204 487 408 536 „licilibus
442 486 706 535 urgentibus,
749 499 771 523 a
805 487 942 537 Regno
986 492 1127 523 nostro
1172 485 1371 523 remotius
1404 485 1678 523 existentibus

204 544 426 595 ‚,negotiis‚
459 555 559 593 quae
593 555 745 581 moram
781 543 1017 580 ulteriorem
1051 555 1131 580 non
1158 542 1431 589 admitterent,
1461 554 1681 592 emergen-

204 601 371 647 ‚,tibus‚
403 612 491 637 cum
540 598 785 639 Consilio
830 599 1082 638 fidelium
1130 604 1440 636 nostrorum
1476 597 1677 638 Consi-

204 657 544 705 ‚,liari0r11n1‚
588 656 653 706 qui
702 661 862 705 praeter
910 655 1145 693 ordinarios
1190 654 1466 694 Consiliarios
1510 660 1677 693 nostros

202 714 420 761 „adminus
454 725 545 751 sex:
580 726 625 750 cx
657 711 856 750 praelatis
891 712 1081 750 videlicet
1114 712 1208 758 duo,
1242 725 1288 749 ex
1314 711 1544 750 Baronibus
1574 711 1679 749 toti·-

201 772 340 814 ..dem‚
373 775 410 808 et
441 783 487 807 θ’(
523 768 739 807 Nobilibus
774 768 968 806 similiter
1009 769 1090 805 duo
1124 768 1279 806 nostris
1313 769 1517 806 sumtibus
1553 780 1676 818 penes

200 828 399 872 „eundem
433 825 715 875 (Palatinum)
749 838 911 874 semper
943 825 1314 864 intertenebuntur.
1362 826 1545 870 Quorum
1590 825 1678 863 sci-—

201 883 322 927 „licet
354 883 544 921 similiter
577 881 764 920 Consilio
799 881 926 931 Regni
960 881 1093 919 nostri
1125 879 1390 932 Hungariae,
1422 886 1459 919 et
1490 881 1675 919 Partium

200 940 310 985 „sibi
343 938 619 990 subjectarum
651 938 812 988 negotia
854 944 989 987 geret,
1033 944 1070 976 et
1112 938 1397 983 administrat,
1434 938 1539 975 inter
1572 950 1675 988 quos

199 997 348 1042 „etiam
381 995 581 1033 ordinarii
615 994 856 1034 Consiliarii
889 994 1036 1041 nostri,
1069 995 1136 1044 qui
1166 994 1397 1033 Palatinum
1433 994 1568 1044 ipsum
1598 1008 1672 1045 pro

200 1052 537 1097 „occurrentibus
579 1064 743 1097 corum,
791 1058 827 1089 et
874 1051 1001 1102 Regni
1047 1051 1178 1089 nostri
1226 1051 1567 1098 necessitatibus,
1615 1051 1678 1089 vel

198 1108 410 1154 ,‚l'osonii,
445 1111 572 1158 (unae
588 1108 746 1148 Civitas
782 1108 910 1152 locus,
944 1115 981 1145 et
1012 1109 1131 1146 sedes
1164 1108 1539 1146 administrationis
1575 1122 1673 1147 suae

197 1177 318 1210 „esse
350 1165 492 1213 debet)
529 1165 589 1203 vel
620 1166 717 1203 alibi
763 1178 834 1215 pro
868 1171 1120 1214 temporum,
1167 1171 1204 1202 et
1251 1178 1388 1204 rerum
1432 1171 1669 1203 nostrarum

198 1221 468 1269 „necessitate
515 1228 699 1269 agentem
731 1222 1000 1268 accesserint,
1047 1222 1085 1259 in
1128 1220 1315 1260 Consilio
1363 1235 1482 1260 suum
1515 1235 1679 1272 semper

199 1277 382 1325 ‚,locum‚
415 1290 608 1328 suamque
642 1280 902 1326 Sessimwm,
945 1284 982 1316 et
1016 1291 1154 1316 vocem
1187 1278 1374 1325 habeant,
1410 1291 1485 1330 pro
1522 1279 1676 1318 unius-

197 1333 423 1388 „cujusque
456 1335 668 1386 dignitate,
702 1335 868 1383 honore,
902 1340 939 1373 ct
971 1337 1126 1376 statu.“
1160 1342 1233 1376 etc,
1291 1370 1301 1383 ,

789 1460 837 1515 ὃ.
878 1461 989 1507 66‘2.

500 1559 663 1617 Usque
700 1569 930 1617 lempora
972 1558 1151 1604 Caroli
1197 1560 1263 1604 ΓΙ.

214 1655 373 1716 Itaque
402 1672 425 1701 a
451 1659 603 1702 veteri
638 1658 726 1701 isto
767 1655 1003 1711 ConSIlio,
1045 1656 1168 1717 quod
1206 1657 1351 1716 Regis
1390 1658 1529 1707 loco,
1571 1658 1672 1702 dum

81 1724 298 1777 abesset,
338 1727 527 1783 negotia
568 1724 871 1784 procurabat,
913 1726 1027 1768 citra
1055 1723 1390 1768 dubitationem
1417 1725 1672 1785 repetenda

81 1798 153 1835 est
193 1790 371 1834 demum
412 1791 853 1836 Locumtenentialis
907 1790 1103 1835 Consilii
1156 1791 1291 1850 Regii
1332 1793 1497 1850 origo,
1550 1791 1672 1837 illius

81 1865 231 1903 tamen
273 1859 486 1903 aetivilas
529 1860 694 1914 injuria
733 1866 992 1918 temporum
1040 1858 1268 1903 instabilis
1309 1859 1579 1916 admodum,
1621 1876 1675 1904 ac

78 1927 354 1985 praesertim
382 1925 607 1986 Leopoldi
649 1926 681 1969 Ι.
715 1932 922 1986 tempore
949 1924 1255 1970 vehementer
1295 1926 1572 1971 labefactata
1616 1926 1671 1987 ¹),

78 1993 198 2035 inter
226 1991 505 2037 domesticas
533 1993 768 2052 procellas
796 1993 927 2053 quasi
954 1995 1140 2052 penitus
1161 1995 1367 2049 evanuit,
1398 1993 1673 2038 donectan-

79 2057 179 2101 dem
208 2057 289 2101 sub
318 2057 488 2103 Carolo
516 2060 802 2120 imperatore
830 2059 1045 2119 legalem,
1075 2074 1129 2104 ac
1156 2060 1369 2105 stabilem
1398 2063 1670 2107 consisten-

78 2126 185 2170 tIam
224 2126 589 2171 nancisceretur.

775 2261 822 2316 ὃ.
863 2261 974 2306 663.

496 2359 715 2414 Hujusce
745 2360 1018 2403 Dz‘casterz'z'
1037 2361 1246 2418 Scopa&

209 2456 346 2501 Anno
388 2457 528 2515 igitur
570 2456 715 2500 seculi
756 2456 925 2515 prioris
964 2458 1102 2502 tertio
1129 2472 1268 2518 supra
1309 2460 1579 2505 vicesimum
1609 2476 1670 2506 ex

74 2528 225 2567 mutua
262 2523 408 2581 Regis
454 2524 756 2581 Statuumque
799 2526 1118 2569 consensione
1158 2526 1470 2586 compluribus
1516 2527 1670 2586 legum

73 2588 280 2633 articulis
323 2587 365 2645 ¹³)
396 2587 743 2634 Consilium
780 2589 853 2634 Lo
875 2593 1370 2639 cumtenentiale
1399 2594 1666 2654 Regium,

109 2731 140 2765 a)
167 2729 262 2761 Conf
293 2730 412 2762 Palma
440 2730 545 2761 Notit.
582 2740 651 2762 rer.
686 2732 790 2774 hung.
831 2734 871 2766 Τ.
905 2733 935 2766 3.
974 2744 1004 2777 p.
1041 2733 1119 2771 341.
1156 2745 1237 2770 cum
1271 2738 1377 2770 Belio
1407 2737 1441 2768 in
1477 2738 1547 2767 not.
1581 2744 1666 2769 [ιον.

174 2777 293 2812 Ηιιηις.
327 2777 367 2809 T.
394 2779 422 2808 1.
449 2787 479 2817 p.
499 2776 577 2810 435.
605 2782 737 2820 etseq.

111 2830 147 2874 1³)
173 2833 275 2868 1723.
302 2834 357 2871 97.
385 2843 501 2878 usque
529 2835 605 2870 102.
