1941 3143
236 81 328 129 126

346 191 553 234 uberrima
593 194 933 235 commentatione
963 194 1215 237 illustratum
1261 195 1471 250 evulgavit
1493 196 1556 251 ·)3
1603 196 1646 238 fit
1685 197 1821 252 itaque

344 250 385 290 in
418 251 558 292 eodem
590 258 792 304 regestm,
825 252 888 291 vel
920 275 973 281 —
1006 260 1048 293 ut
1079 254 1282 295 interdum
1307 255 1487 296 scribere
1511 254 1743 296 maluerunt
1768 280 1820 286 —

344 313 507 360 regesto
540 310 691 349 mentio
724 309 915 349 Banderii
948 310 1070 350 unius
1103 311 1370 352 Dalmatiam:
1418 312 1589 352 alterius
1621 313 1820 353 Transii-

342 365 505 404 vaniam
551 379 722 415 versus;
765 372 908 406 contra
951 366 1149 408 Hussitas
1180 370 1317 418 tertiig
1367 375 1406 409 et
1448 370 1581 421 quarti
1622 370 1664 409 in
1694 370 1821 423 Plaga

341 422 461 462 Tem
478 423 699 470 eskeoz‚
731 424 898 463 indubie
930 423 1015 474 illa,
1048 438 1166 478 quam
1199 426 1415 467 hodiedum
1449 426 1598 480 vulgus
1619 426 1817 468 Banatum

342 479 650 519 Temesiensem
683 479 910 532 compellat.

924 587 972 642 ξ.
1012 588 1124 634 533.

461 684 753 731 Personam
789 686 1097 733 Iusurrecte‘o
1136 701 1238 734 non
1271 688 1567 747 pertinebat.

361 781 583 827 Omnibus
609 788 785 828 attente
822 782 878 828 ad
905 797 956 828 se
994 785 1195 830 invicem
1230 785 1503 831 combinatis
1532 785 1814 834 inclarescit.

224 849 401 907 regiam
429 852 563 894 istam
589 850 794 895 militiam
822 852 858 895 si
886 851 1107 911 reliquias
1136 850 1406 898 Castrorum
1429 853 1602 908 demas5
1631 855 1815 914 stipen-

225 914 398 961 diarios
440 919 764 977 potissimum.
815 933 840 963 e
880 918 1105 964 reditibus
1158 922 1304 978 regiis
1343 921 1488 974 altos.
1542 934 1730 964 suorum
1772 924 1815 965 in

223 997 417 1029 numero
446 986 704 1030 censuisse.
745 985 967 1030 Deviavit
1002 987 1188 1031 omnino
1215 983 1375 1031 Kollar
1417 986 1460 1043 ¹³)
1486 985 1811 1042 vehementer,

224 1064 326 1095 cum
364 1051 663 1111 personalem
700 1050 921 1097 nobilium
956 1050 1353 1099 Insurrectionem
1389 1067 1474 1114 pro
1511 1053 1658 1112 regali
1683 1053 1814 1099 Ban-

225 1116 354 1163 derio
394 1117 659 1178 designavit
699 1133 756 1163 eo
798 1121 1050 1180 praecipue
1079 1127 1380 1181 argumento:
1421 1121 1544 1181 quod
1585 1121 1660 1168 illa
1689 1135 1816 1167 non-

222 1186 312 1229 nisi
349 1183 496 1244 Regis
535 1185 618 1231 sub
656 1186 833 1232 vexillo
873 1188 918 1232 in
968 1188 1115 1233 aciem
1162 1189 1382 1250 prodiret.
1445 1187 1561 1234 Nam
1619 1191 1814 1250 opinio-

221 1266 327 1297 nem
367 1251 486 1297 hanc
524 1254 731 1314 alioquin
755 1253 964 1300 historiis
1000 1259 1296 1313 contrariam„
1337 1263 1383 1301 et
1416 1256 1667 1302 Decretum
1707 1257 1815 1302 An—

223 1318 365 1365 dreae
415 1319 471 1365 II.
516 1322 556 1380 ⁰)
600 1328 646 1367 et
701 1323 1061 1368 constitutiones
1101 1326 1394 1369 recentiores
1432 1324 1706 1371 convellunt
1740 1322 1811 1381 ἤ).

220 1386 473 1433 Praeterea
510 1391 739 1435 rationem
779 1389 1024 1447 desidero,
1063 1398 1257 1453 propter
1296 1406 1432 1452 quam
1468 1393 1513 1437 in
1560 1393 1661 1450 ejus
1699 1405 1814 1436 ere-

224 1457 427 1500 ctionem
465 1465 725 1516 proventus
762 1459 884 1517 regii
925 1460 1192 1505 evasissent
1233 1461 1521 1516 necessarii.
1568 1462 1607 1505 si
1644 1458 1812 1504 talibus

219 1521 343 1567 istud
395 1522 617 1569 duntaxat
665 1525 936 1582 constabat7
974 1525 1164 1585 quibus,
1204 1541 1316 1572 casu
1360 1533 1662 1587 emergente,
1716 1527 1813 1571 suis

219 1589 267 1634 in
300 1588 482 1635 Patriae
529 1590 855 1638 defensionem
896 1593 1119 1639 sumtibus
1160 1594 1443 1640 militandum
1483 1594 1618 1640 erat?
1662 1591 1812 1639 Nemo

160 1684 165 1686 -
220 1654 420 1717 denique
448 1656 781 1719 obligationem
807 1659 1030 1706 militandi
1055 1662 1309 1709 universae
1335 1660 1574 1708 Nobilitati
1600 1674 1813 1707 commu-

218 1737 325 1769 nem
351 1724 409 1769 ad
434 1739 674 1772 numerum
710 1730 952 1788 praecise,
991 1743 1128 1789 quem
1166 1731 1346 1791 regium
1370 1729 1650 1775 Banderium
1677 1742 1812 1775 com-

219 1790 527 1852 plectebatur,
555 1796 644 1839 etsi
669 1794 801 1856 plura
829 1794 996 1841 eodem
1022 1803 1234 1860 tempore
1262 1799 1504 1845 exstitisse
1529 1797 1810 1853 admiserim,

218 1861 483 1905 restrictam
519 1859 668 1908 fuisse
707 1862 1001 1909 existimabit.

274 1939 326 1993 ⁴⁵)
360 1941 577 1980 Suffecerit
620 1943 766 1991 unius,
813 1943 1037 1983 alteriusve
1079 1951 1232 1984 textum
1277 1945 1461 1984 revelare
1505 1945 1654 1994 „Quod
1697 1941 1809 1994 regia

330 1997 539 2047 „dignitas
577 2020 623 2026 ——
657 1999 714 2037 ait
747 1999 807 2037 lex
840 2000 997 2039 Alberti
1031 2001 1078 2038 de
1105 2001 1382 2051 stipendiatis‚
1416 2008 1454 2039 et
1476 2002 1653 2040 exercitu
1680 2012 1808 2051 gene-

331 2053 437 2101 „rali
469 2065 620 2092 sonans
644 2053 686 2106 d)
721 2078 774 2082 —
807 2068 880 2105 pro
914 2055 1086 2094 tuitione
1119 2057 1263 2107 Regni,
1299 2065 1337 2096 et
1361 2056 1644 2097 Confiniorum
1672 2056 1807 2107 ipsius

331 2111 674 2159 „conservatione
722 2111 959 2151 hominibus
1006 2113 1096 2151 suis
1141 2114 1459 2153 exercitualibus
1506 2115 1553 2153 de
1601 2113 1808 2164 stipendio

332 2165 489 2218 „regali
521 2167 821 2218 dispositiones
854 2168 977 2207 saciat
1009 2170 1067 2209 sic
1100 2170 1205 2220 quod
1240 2169 1484 2222 Regnicolas
1518 2169 1599 2221 ipsi
1640 2170 1806 2219 stipen-

331 2223 459 2271 „diati
492 2225 791 2264 exercituantes
825 2238 904 2264 non
938 2227 1199 2277 praedentur.
1231 2226 1446 2266 Exercitus
1479 2240 1575 2266 vero
1604 2224 1808 2279 generalis

332 2279 598 2331 „Regnicolis
637 2282 806 2330 tamdiu,
839 2283 966 2321 donec
999 2281 1236 2335 hujusmodi
1270 2283 1510 2335 stipendiati
1543 2283 1808 2323 exercituan-

333 2342 421 2384 „tes
468 2337 723 2377 adversariis
772 2339 967 2378 resistcre
1011 2347 1226 2389 poterunt,
1273 2354 1352 2379 non
1396 2340 1670 2391 proclametur
1701 2340 1806 2378 etc.“

331 2392 472 2431 Altera
502 2394 578 2432 sub
621 2394 837 2444 liudolpho
883 2396 1109 2447 statuitqz
1143 2396 1226 2445 „Ut
1269 2398 1354 2436 Sua
1396 2395 1600 2450 Majestas
1643 2407 1802 2447 quoque

332 2448 566 2497 „Caesarea
598 2462 716 2489 suum
752 2451 996 2492 Banderium
1028 2465 1140 2491 more
1173 2453 1296 2493 solito
1329 2454 1371 2492 in
1402 2466 1543 2504 campo
1577 2453 1736 2500 habeat,
1768 2456 1807 2489 ct

332 2505 530 2553 „militem
563 2505 840 2547 Comitatuum
874 2509 929 2548 ita
960 2522 1122 2561 semper
1163 2511 1402 2562 praecedat,
1444 2516 1487 2550 ut
1519 2509 1583 2549 hic
1613 2509 1732 2549 miles
1764 2507 1805 2547 in

258 2605 291 2647 ⁶)
318 2607 355 2639 ln
381 2607 492 2650 Supp.
519 2610 560 2642 ad
589 2610 689 2645 Vest.
716 2612 844 2646 comit.
872 2624 901 2647 a.
931 2624 961 2656 p.
987 2614 1198 2649 35o.—-459.

256 2662 294 2705 b)
319 2665 414 2700 Risi.
437 2667 512 2700 Jur.
540 2669 621 2711 pub.
650 2671 798 2704 Amoen.
823 2672 865 2706 V.
892 2673 936 2706 ll.
963 2673 1000 2706 C.
1028 2673 1090 2707 IV.
1118 2684 1149 2716 p.
1176 2675 1230 2707 87.

260 2720 292 2759 ·)
320 2724 422 2756 1222.
449 2725 482 2757 7.

258 2776 295 2819 d)
323 2779 424 2813 1439.
451 2781 483 2815 3.

261 2835 294 2879 ·)
320 2838 422 2872 1595.
441 2838 475 2874 2.
501 2835 530 2878 δ.
557 2837 590 2872 3.
