1941 3143
1641 84 1701 130 73

123 206 330 259 tempore
372 197 413 254 ⁸)
455 195 568 241 ordo
609 197 919 255 succedendi,
959 203 1004 242 et
1044 195 1224 257 quidem
1265 197 1505 254 agnatii-us
1533 198 1699 247 solum,

122 280 222 311 cum
248 264 549 310 foeminarum
585 265 877 321 exclusione,
915 267 1046 325 isque
1086 263 1284 319 linealiS,
1326 263 1576 308 secundum
1617 278 1701 306 or-

122 333 271 382 dinem
294 332 707 393 primogeniturae„
747 339 792 378 et
828 332 1277 395 repraesentationis
1305 344 1390 394 per
1430 344 1703 392 expressam

121 400 273 463 legem
312 397 602 445 introductus
629 398 730 447 fuit.

824 513 871 570 ἓ.
913 514 991 560 77.

574 612 643 661 Et
681 611 869 659 Carolo
907 612 1000 659 III.
1038 611 1250 660 sublata.

253 693 560 743 Nihilominus
594 693 727 741 brevi
752 701 860 756 post
885 700 1096 755 tempore
1137 694 1331 741 eandem
1370 693 1706 742 haereditatem

123 763 235 811 solis
262 764 422 811 Gentis
447 761 795 822 Habsburgicae
821 759 1024 807 Maribus
1053 762 1265 820 delatam,
1304 763 1457 822 Regni
1488 762 1704 820 Ordines,

120 832 336 893 adoptata
376 830 556 876 scilicet
591 830 654 876 A⁰
702 830 844 876 1722.
919 828 1201 887 sanctione,
1241 845 1376 891 quam
1403 827 1596 875 Carolus
1624 830 1702 875 VI.

120 899 309 955 Caesar,
346 904 536 943 nostros
572 897 731 957 Reges
770 898 892 942 inter
922 895 1013 942 hoc
1048 898 1234 943 nomine
1274 898 1437 943 tertius
1460 931 1472 953 ,
1511 898 1704 958 praevie

119 969 281 1013 intuitu
314 965 594 1026 reliquarum
621 963 842 1010 ditionum
869 978 1054 1010 suarum
1079 964 1304 1022 ediderat,
1344 971 1390 1010 et
1415 979 1441 1026 p
1460 978 1482 1009 r
1500 980 1524 1009 a
1542 979 1629 1023 gm
1648 979 1704 1010 a-

119 1036 306 1078 ticam
348 1031 644 1092 compellavit
668 1029 740 1089 ᾗ),
781 1031 837 1076 ad
874 1037 1116 1091 utrumque
1159 1032 1333 1079 Sexum
1373 1031 1703 1089 extenderunt,

116 1100 540 1158 transtuleruntque
568 1112 668 1143 cum
718 1097 902 1144 defectu
941 1099 1182 1144 masculini
1219 1099 1372 1146 Sexus
1411 1101 1559 1160 primo
1596 1099 1701 1145 loco

114 1168 160 1211 in
187 1163 529 1211 descendentes
557 1164 728 1222 Caroli,
769 1165 874 1211 dein
917 1164 973 1210 ad
998 1166 1221 1212 Posteros
1254 1165 1449 1228 Josephi
1489 1166 1543 1223 I.,
1580 1173 1705 1211 tam-

116 1246 248 1293 quam
275 1230 581 1286 substitutos,
620 1230 690 1275 his
719 1234 856 1277 etiam
895 1233 1310 1291 exarescentibus,
1350 1237 1396 1280 in
1430 1235 1707 1295 progeniem

113 1298 341 1361 Leopoldi
367 1298 400 1343 I.
443 1296 836 1358 „eorumdemque
862 1324 929 1331 —
952 1306 1002 1344 ut
1036 1300 1183 1346 verba
1209 1301 1329 1361 legis
1357 1301 1559 1363 desuper
1585 1315 1707 1347 con-

114 1367 235 1413 ditae
278 1365 321 1425 ¹³)
375 1366 638 1426 exprimunt
672 1389 739 1397 —
781 1365 1155 1425 „legitimos
1193 1366 1707 1414 Romano—-Ca—

114 1433 443 1495 „tholicos
481 1432 934 1480 Successores
971 1437 1322 1495 utriusque
1361 1449 1558 1481 sexus
1587 1436 1706 1481 Au-

114 1503 359 1562 „striae
417 1499 911 1557 Archi-Duces,
956 1501 1132 1559 juxta
1193 1502 1550 1549 stabilitum
1599 1517 1706 1564 per

114 1569 662 1629 „Sacratissimam
713 1567 1118 1626 Caesaream,
1177 1584 1242 1615 ac
1289 1570 1544 1631 Regiam
1608 1584 1705 1616 re-

113 1643 433 1696 „gnantem
479 1634 876 1693 Majestatem
936 1637 994 1682 in
1043 1636 1195 1682 aliis
1247 1651 1493 1701 quoque
1569 1641 1703 1684 suis

112 1705 408 1764 ,‚RegniS,
449 1709 505 1748 et
552 1703 923 1748 Provinciis
974 1702 1463 1761 haereditariis,
1524 1706 1585 1750 in
1646 1712 1704 1750 et

112 1778 322 1830 „extra
361 1770 747 1817 Germaniam
795 1771 969 1828 sitis,
1022 1773 1560 1832 primogeniturae
1600 1786 1702 1817 or-

111 1839 339 1896 „dinem
371 1839 532 1896 jure,
573 1843 630 1883 et
668 1836 890 1884 ordine
927 1840 1275 1900 praemisso
1324 1838 1701 1885 indivisibi-

109 1907 303 1965 „liter,
343 1920 409 1952 ac
447 1903 967 1966 inseparabiliter
1004 1908 1297 1965 invicem,
1339 1914 1398 1953 et
1434 1907 1698 1964 insimul,

109 1990 210 2032 „ac
266 1988 382 2020 una
439 1987 559 2018 cum
618 1971 826 2031 Regno
887 1972 1265 2033 Hungariae,
1319 1980 1375 2020 et
1409 1973 1697 2020 Partibus

109 2042 364 2102 „Regni,
440 2046 502 2086 et
538 2039 933 2098 Provinciis,
986 2040 1182 2088 eidem
1229 2041 1506 2089 adnexis
1554 2042 1698 2087 hae-

108 2109 442 2165 „reditarie
479 2106 903 2169 possidendis,
941 2109 1322 2170 regendam,
1363 2115 1422 2155 et
1458 2108 1690 2170 guber-

114 2175 459 2237 „nandam.“

163 2257 214 2312 ³⁶)
246 2256 410 2297 Sanctio
444 2255 718 2309 pragmatica,
751 2269 775 2296 a
804 2256 1088 2309 compluribus
1130 2258 1415 2310 Scriptoribus
1448 2258 1616 2298 recitata
1636 2257 1697 2312 ⁰),

219 2314 398 2354 codicem
430 2314 697 2353 domesticum
730 2327 803 2365 per
834 2320 1046 2354 extensum
1080 2316 1269 2368 ingressa
1302 2317 1462 2367 quidem
1494 2329 1574 2355 non
1608 2322 1696 2363 est3

218 2376 470 2423 provocatur
500 2377 634 2410 tamen
666 2371 716 2409 ad
747 2370 861 2410 illius
894 2372 1131 2411 essentialia
1162 2373 1379 2419 Instituta,
1413 2373 1596 2411 ordinem
1628 2373 1696 2411 vi-

218 2428 365 2467 delicet
395 2427 664 2475 succedendi,
709 2440 755 2466 ac
785 2428 1011 2467 indivisum
1055 2429 1320 2469 Monarchiae
1353 2430 1623 2481 gubernium,
1655 2429 1697 2468 in

218 2497 300 2524 uno
332 2485 554 2536 eodemque
587 2484 731 2535 Capite
762 2485 973 2536 regnantis
1004 2485 1202 2526 Familiae
1233 2485 1514 2540 conjunctum.

147 2605 179 2640 ³)
205 2604 297 2637 Anni
323 2604 424 2636 1687.
452 2607 532 2637 Art.
558 2605 581 2637 2
607 2606 641 2634 et
667 2602 699 2635 3.

146 2649 182 2691 b)
208 2651 293 2684 Dec.
320 2651 409 2683 Anni
438 2651 539 2684 1723.
566 2653 632 2682 art.
656 2649 689 2681 2.

144 2699 175 2733 c)
202 2695 376 2728 Schmaus
402 2697 434 2728 in
464 2698 567 2739 Corp.
595 2697 673 2727 Jur.
691 2694 928 2729 Gent.L1'inik
954 2696 995 2730 im
1020 2694 1173 2738 teutschen
1200 2694 1448 2740 ffidfflffitrctth
1476 2695 1640 2739 &cbriitter
1661 2695 1693 2729 in

207 2742 262 2772 ren
289 2740 536 2785 Qttvbanrtungcn
561 2745 620 2774 ‹iu-5·
647 2741 711 2772 bem
739 2738 898 2774 [interscidi.
934 2741 1183 2781 &tusttffiffiecbh
1212 2762 1256 2767 —-
1285 2745 1373 2775 Acta
1401 2748 1437 2775 et
1463 2745 1596 2782 scripta
1623 2743 1692 2774 huc

209 2787 420 2828 pertinentia
449 2791 518 2822 vid.
546 2790 579 2821 in
606 2789 636 2820 J.
664 2787 701 2819 C.
729 2787 919 2829 Bissinger
948 2789 1294 2823 General-Statistik
1327 2791 1358 2821 2.
1384 2788 1444 2821 Ξῖ».
1483 2800 1514 2830 p.
1544 2790 1690 2822 xxxii.

209 2837 245 2865 et
271 2842 346 2876 seq.
