1941 3143
1622 148 1686 196 99

114 271 344 328 postrema
385 277 409 307 a
442 258 682 308 veteribus
728 260 891 318 juxta,
943 275 996 306 ac
1034 258 1376 307 recentioribus
1427 258 1689 320 privilegiis

116 346 239 378 suam
276 328 459 376 trahunt
496 329 737 387 originem.
801 328 857 373 Et
898 330 1014 373 istae
1057 328 1240 388 quidem
1277 341 1440 373 omnes
1478 326 1687 372 Decreto

114 396 335 459 Leopoldi
360 395 415 440 ΙΙ.
460 396 500 453 ῡ)
538 396 811 440 exercitium
850 395 989 456 plene
1026 394 1220 439 liberum
1255 396 1300 440 in
1338 394 1574 452 Hungaria
1600 393 1689 438 lia-

117 466 241 520 bent,
280 477 372 509 non
414 465 522 508 item
562 463 606 506 in
645 462 851 519 Croatia,
901 462 1185 519 Sclavonia,
1225 469 1270 507 et
1311 461 1567 518 Dalmatia,
1613 460 1691 505 ubi

118 530 375 592 municipali
401 531 732 575 constitutione
760 543 844 575 suo
871 529 978 574 loco
1007 530 1187 586 relicta,
1212 527 1488 588 Evangelici
1513 529 1694 574 utrius-

120 613 206 660 que
231 596 543 643 confessionis
571 596 624 640 ab
669 597 865 652 officiis,
904 604 951 642 et
984 595 1119 641 bonis
1159 595 1457 657 possidendis
1496 594 1695 640 hucdum

119 665 388 712 arcebantur
428 663 489 721 ¹³).
553 663 666 709 Post
704 665 1188 723 reincorporationem
1233 678 1351 710 vero
1397 661 1695 708 comitialiter

121 733 349 778 decretam
378 729 685 776 Comitatuum
710 730 946 786 Kraszna,
985 729 1194 775 Szolnok
1219 730 1487 786 mediocris,
1526 736 1573 774 et
1596 728 1693 774 Za-

119 799 229 844 rand
247 833 259 856 ,
299 812 399 843 cum
424 797 648 842 Districtu
674 797 856 853 Kovar,
884 810 1002 856 quae
1028 803 1165 842 antea
1191 797 1248 841 ad
1272 796 1485 855 Regnum
1509 795 1697 841 Metro-

120 867 372 927 politanum
398 864 695 924 spectabant,
735 870 781 909 et
806 864 842 908 T
847 864 1160 909 ransilvaniae
1186 863 1475 924 Principibus
1503 862 1699 908 condam

123 947 258 977 cessa
298 931 391 977 illic
428 933 612 976 nomine
650 931 930 977 Partium
965 930 1247 989 veniebant,
1297 937 1460 992 quarta
1512 943 1698 990 quoque

121 998 432 1044 Unitariorum
459 999 660 1043 accessit
700 997 756 1054 ⁰).

807 1130 854 1185 ξ.
894 1133 1006 1178 486.

592 1230 688 1274 Per
711 1231 872 1287 Leyes
896 1241 1222 1289 receptarum.

258 1322 468 1370 Gaudent
507 1336 620 1381 ergo
673 1323 759 1368 hae
798 1324 973 1384 Legum
1013 1328 1289 1372 auctoritate
1316 1333 1539 1387 receptae
1564 1326 1702 1374 Reli-

120 1394 284 1451 giones
323 1393 423 1435 sIne
462 1388 726 1434 discrimine
787 1390 1009 1453 deinceps
1050 1395 1095 1438 in
1134 1400 1359 1454 perpetua
1408 1401 1618 1455 tempora
1658 1396 1704 1439 in

120 1458 352 1516 Hungaria
395 1455 542 1500 libero
583 1470 855 1513 sacrorum,
896 1459 1201 1519 templorum,
1250 1462 1473 1515 turrium,
1512 1475 1705 1522 campa-

119 1538 278 1569 narum
315 1537 430 1579 usu,
482 1529 619 1582 atque
659 1525 882 1583 proprio,
919 1524 996 1570 ubi
1035 1526 1302 1583 voluerint,
1355 1526 1590 1584 Curi0ne,
1630 1529 1702 1573 51-

124 1590 260 1635 modo
290 1588 603 1634 Communitas
631 1589 836 1636 ferendis
863 1591 933 1637 his
961 1593 1181 1639 oneribus
1207 1608 1291 1654 par
1317 1595 1389 1640 sit.
1428 1593 1708 1654 Dependent

120 1659 166 1702 in
201 1656 546 1701 Ecclesiasticis
584 1671 609 1701 a
635 1659 837 1717 propriis
879 1659 1323 1719 Superioritatibus,
1375 1658 1699 1717 ConsistoriIS,

123 1739 176 1768 ac
201 1723 431 1784 Synodis,
471 1722 526 1767 de
555 1724 716 1782 quibus
737 1757 749 1779 ,
787 1732 924 1784 prout
950 1732 995 1770 et
1020 1725 1383 1771 Fundationibus
1421 1728 1511 1786 piis
1530 1761 1543 1783 ,
1583 1742 1702 1786 quae

121 1790 267 1850 Regis
306 1792 365 1835 sit
402 1792 685 1846 auctoritaS,
734 1791 1067 1837 antecedenter
1118 1799 1404 1838 notaveram.
1470 1792 1704 1840 Immunes

125 1864 231 1903 sunt
271 1872 295 1902 a
337 1855 575 1916 quibusvis
618 1857 807 1903 alterius
848 1858 1108 1918 Religionis
1150 1873 1234 1904 seu
1272 1858 1436 1905 ritibus
1477 1859 1705 1917 colendis,

129 1926 229 1970 sive
263 1925 511 1979 ministris,
551 1925 796 1984 servisque
835 1925 1028 1970 alendis.
1096 1924 1275 1972 Causae
1314 1925 1708 1986 Evangelicorum

130 1989 488 2036 matrimoniales
508 2024 520 2047 ,
547 1991 637 2035 nisi
663 1990 883 2037 alterutra
912 1994 1109 2052 partium
1137 1991 1363 2038 catholica
1390 1995 1482 2050 sit,
1510 1992 1566 2038 ad
1591 2008 1709 2054 pro-

134 2059 231 2116 pria
259 2056 511 2102 eorundem
539 2055 857 2115 Consistoria,
897 2059 1087 2119 [quibus
1117 2059 1284 2106 Graeci
1309 2074 1404 2106 non
1430 2059 1555 2105 Uniti
1581 2075 1711 2107 sem-

133 2136 216 2181 per
255 2122 440 2168 fuerunt
472 2124 677 2183 provisi)
721 2124 798 2170 ubi
836 2125 988 2171 debite
1026 2126 1296 2172 coordinata
1334 2126 1538 2183 suerint,
1576 2129 1710 2174 rele-

135 2195 330 2246 gantur,
368 2191 545 2234 interea
582 2204 606 2234 a
645 2189 759 2236 foris
786 2192 1074 2239 secularibus
1113 2193 1449 2251 dijudicandae.
1500 2193 1711 2255 Dispen-

137 2255 344 2300 sationes
382 2269 499 2301 vero
536 2257 582 2301 in
621 2257 830 2316 casibus,
877 2259 984 2319 lege
1020 2262 1170 2322 patria
1207 2262 1396 2317 vetitis,
1447 2260 1711 2306 concedere

138 2319 282 2381 Regis
308 2327 405 2377 est,
445 2323 823 2382 quemadmodum
856 2329 1022 2386 venia,
1059 2342 1118 2374 ne
1144 2329 1364 2374 transitus
1405 2342 1430 2372 a
1458 2325 1713 2374 Catholicis

141 2387 196 2433 ad
234 2387 401 2448 placita
439 2388 826 2450 Evangelicorum
862 2400 1036 2440 temere
1074 2394 1212 2451 fiant,
1252 2394 1307 2439 ab
1345 2395 1499 2439 altIOri
1535 2394 1713 2440 indultu

140 2454 422 2514 impetranda
448 2455 613 2503 fuerat.
652 2459 815 2506 Proles
844 2459 1072 2520 denique,
1110 2463 1150 2508 si
1174 2461 1313 2507 Pater
1341 2459 1607 2507 Catholicus
1635 2463 1711 2518 sit,

139 2520 529 2567 indiscriminatim
568 2524 702 2582 hujus
742 2525 1037 2584 Religionem
1074 2527 1380 2588 profitendam
1427 2527 1625 2586 habent3
1675 2529 1716 2574 51

139 2584 449 2645 Evangelicus
470 2623 483 2645 ,
522 2589 601 2634 filii
627 2605 758 2636 sacra
786 2595 1012 2651 genitoris
1040 2596 1172 2654 sequi
1196 2602 1406 2656 possunt.

178 2706 208 2747 ⁸)
236 2709 336 2741 1791.
362 2711 416 2742 26.
443 2715 478 2743 et.
503 2713 560 2744 27.

178 2762 212 2803 b)
240 2766 339 2843 ἓξὲξ.
368 2767 424 2844 ἐξ.
450 2770 631 2854 ῧ-1Ξ715,
658 2770 712 2804 30.
748 2770 774 2812 §-
804 2775 835 2805 5.
868 2777 902 2805 et
941 2774 1016 2807 125.
1044 2794 1085 2799 -—
1112 2774 1213 2808 1723.
1244 2773 1302 2809 86.
1327 2773 1357 2816 §.
1382 2771 1582 2809 2-1741.
1608 2771 1661 2804 46.
1683 2791 1717 2796 -

184 2866 212 2902 c>
242 2866 340 2899 1828.
365 2870 420 2901 20.
1426 2918 1455 2943 a

1363 2923 1389 2964 7
