1941 3143
1641 88 1729 133 141

147 202 469 261 permanserit.
507 198 635 246 Istud
658 213 795 256 vero,
825 205 873 245 ut
902 214 962 245 ex
987 211 1136 260 aequo
1165 199 1370 259 perspici
1397 205 1552 259 queat,
1580 213 1732 259 quan-

149 274 240 312 tum
266 270 585 314 recentissima
613 275 741 314 aetas
769 283 792 312 a
819 269 969 312 veteri
999 266 1336 327 discrepuerit,
1365 266 1566 311 sollicite
1594 265 1732 311 inda-

147 349 260 394 gare
297 349 495 381 necesse
537 335 718 381 evadit:
759 334 872 380 Cum
920 333 1066 379 adhuc
1103 333 1330 394 portalis,
1383 332 1730 379 banderialisve

144 401 328 459 militia,
367 417 485 463 quae
524 402 753 463 quomodo
795 418 819 448 a
862 417 912 447 se
951 400 1187 455 differant,
1228 400 1426 446 vidimus
1467 400 1619 458 (537)
1646 414 1733 444 usu

145 471 248 528 ipso
274 471 607 530 perstiterant,
639 470 822 515 domino
851 470 1063 515 terrestri
1099 469 1145 512 in
1173 481 1303 513 suum
1331 467 1545 513 colonum
1569 501 1581 523 ,
1620 467 1730 528 ple-

144 550 337 596 rumque
376 536 542 596 glebae
583 537 880 593 adstrictum,
921 535 1181 581 absolutum
1222 534 1559 595 quodammodo
1597 549 1732 580 com—

144 603 332 663 petebat
366 603 641 654 dominium;
693 619 795 649 eum
834 607 989 664 itaque
1038 602 1094 646 ad
1144 616 1269 647 arma
1311 602 1503 648 ferenda
1540 615 1731 660 cogere,

147 670 521 731 correspondens
550 670 822 731 obligationi
856 675 1067 732 potestas
1104 675 1232 723 erat,
1271 684 1357 730 pro
1397 668 1730 714 extraordina—

144 740 211 782 ria
237 737 390 796 Regni
416 737 694 783 defensione
739 739 928 783 militem
966 736 1021 780 ad
1061 737 1329 796 proprium,
1367 738 1446 783 vel
1474 736 1729 782 Comitatus

142 804 366 850 vexillum
393 805 638 851 statuendi.
668 804 771 850 Nec
797 808 945 851 minus
973 817 998 847 e
1023 804 1263 848 variorum
1283 802 1583 849 Comitiorum
1612 805 1730 849 arti—

145 871 259 915 culis
285 878 515 933 utcunque
544 872 810 918 inclarescit
851 873 910 929 ³),
950 876 1116 930 gentes
1147 867 1458 915 Comitatuum
1487 886 1510 915 a
1538 869 1728 924 tributo,

145 937 268 997 quod
314 939 465 984 coloni
513 940 794 996 Procerum,
847 938 1142 984 Nobiliumve
1198 952 1290 983 non
1340 937 1725 982 Banderiatorum

138 1005 270 1060 juxta
309 1008 635 1065 quantitatem,
675 1021 728 1050 ac
767 1007 934 1052 clavim
971 1002 1268 1049 comitialiter
1307 1005 1656 1050 determinatam
1684 1007 1729 1049 in

142 1070 341 1116 medium
391 1072 645 1118 Comitatus
696 1073 1057 1134 dependebant,
1123 1077 1291 1130 gentes
1344 1072 1729 1117 Banderiatorum

143 1142 319 1193 autem,
357 1153 506 1199 penso
548 1155 571 1184 a
608 1142 809 1202 propriis
855 1139 1047 1187 subditis
1089 1136 1334 1197 desumto,
1375 1153 1457 1185 sua
1500 1139 1727 1200 stipendia

141 1206 412 1264 recepisse;
440 1220 464 1250 e
493 1220 725 1253 converso
753 1207 885 1253 miles
914 1204 1243 1267 stipendiarius
1271 1221 1296 1252 e
1334 1207 1478 1267 regiis
1507 1206 1729 1252 duntaxat
1800 1203 1803 1206 ⁴

139 1271 446 1332 proventibus
473 1272 707 1332 alebatur,
746 1275 1127 1335 solvebaturque.

834 1410 879 1464 ἓ.
923 1410 1037 1456 559.

608 1509 935 1554 Mutationem
960 1506 1238 1567 quamdam.

271 1602 445 1650 Mutata
483 1606 529 1651 in
567 1607 668 1651 istis
711 1605 795 1651 fuit
835 1605 1028 1652 subinde
1067 1619 1127 1650 ex
1152 1606 1338 1663 integro
1365 1618 1520 1650 rerum
1547 1604 1721 1651 facies:

137 1668 286 1728 bona,
324 1671 520 1734 locaque
556 1673 818 1735 populosa,
857 1673 979 1718 unde
1016 1680 1212 1731 utraque
1249 1670 1325 1715 illa
1360 1670 1722 1719 Insui-rectionis

137 1740 322 1798 species
350 1740 559 1786 sumebat
585 1740 859 1785 adminicula
879 1773 891 1796 ,
931 1754 1024 1784 11011
1051 1738 1215 1783 eadem
1242 1738 1436 1798 amplius
1464 1754 1547 1785 seu
1568 1740 1721 1797 juris-

137 1804 379 1863 dictionis,
420 1809 521 1852 sive
549 1809 771 1852 territorii
798 1806 1083 1867 plenitudine
1121 1803 1512 1865 possidebantur,
1553 1806 1722 1853 condi-

136 1873 438 1918 tionariorum
464 1873 698 1920 hominum
736 1888 883 1934 genus
922 1871 1268 1919 labescentibus
1297 1875 1428 1919 annis
1468 1877 1722 1920 continen-

135 1943 206 1983 ter
232 1941 513 1986 imminutum
533 1976 546 1998 ,
576 1943 726 1986 serius
764 1955 849 2002 per
881 1940 1115 1985 urbarium
1156 1938 1493 2000 quodammodo
1533 1945 1719 2002 penitus

137 2005 303 2063 desiit3
343 2008 538 2054 colonus
567 2010 715 2054 omnis
742 2008 918 2053 liberae
957 2008 1250 2069 migrationis
1289 2005 1481 2054 effectus
1510 2016 1615 2064 est,
1644 2015 1720 2054 at—

138 2085 226 2131 que
254 2088 277 2117 a
305 2073 457 2120 fundis
485 2078 580 2120 suis
608 2078 652 2120 in
680 2075 856 2121 stabilis
883 2075 1037 2121 militis
1055 2109 1067 2129 ,
1105 2088 1192 2134 pro
1233 2071 1416 2121 Patriae
1444 2075 1720 2122 defensione

137 2138 408 2186 excubantis
425 2175 437 2198 ,
476 2143 852 2189 intertentionem
873 2145 969 2202 Jam
997 2143 1053 2189 ad
1077 2144 1307 2187 aerarium
1331 2145 1510 2204 regium
1537 2158 1720 2189 annuae

136 2205 466 2255 contributioni
494 2208 724 2256 obnoxius
752 2218 985 2259 evaserat.

818 2346 864 2401 ὃ.
907 2346 1018 2392 560.

657 2445 961 2490 Necessario
997 2443 1183 2490 subivit.

265 2554 571 2616 Posteaquam
599 2557 739 2616 igitur
773 2570 889 2602 onus
929 2555 1176 2617 quodpiam
1215 2564 1488 2621 perpetuum
1523 2558 1713 2604 Bande-

130 2619 196 2663 ria
249 2623 465 2668 servandi
508 2623 722 2672 familiis.
786 2632 862 2670 aut
898 2623 1033 2669 bonis
1073 2623 1378 2671 determinate
1439 2626 1707 2680 inhaerens,

129 2691 484 2746 praeexstitisse
514 2692 754 2752 nequidem
797 2691 1069 2738 verosimile
1098 2694 1185 2749 sit,
1240 2700 1286 2738 et
1312 2695 1349 2740 si
1392 2693 1513 2739 soret
1554 2696 1706 2748 etiam,

168 2828 200 2860 a)
229 2834 328 2864 1526.
357 2833 411 2863 27.
438 2849 481 2853 —
511 2833 607 2864 1537.
630 2833 661 2865 3.
690 2837 724 2864 ei
750 2834 803 2864 10.
829 2850 873 2854 —-
900 2831 1001 2866 1647.
1030 2833 1085 2864 25.
