<?xml version="1.0" encoding="UTF-8"?>
<!DOCTYPE html PUBLIC "-//W3C//DTD XHTML 1.0 Transitional//EN"
    "http://www.w3.org/TR/xhtml1/DTD/xhtml1-transitional.dtd">
<html xmlns="http://www.w3.org/1999/xhtml" xml:lang="en" lang="en">
 <head>
  <title>
</title>
<meta http-equiv="Content-Type" content="text/html;charset=utf-8" />
  <meta name='ocr-system' content='tesseract 3.04.00' />
  <meta name='ocr-capabilities' content='ocr_page ocr_carea ocr_par ocr_line ocrx_word'/>
</head>
<body>
  <div class='ocr_page' id='page_1' title='image "./conspectusjurisp00czir_0443.png"; bbox 0 0 1941 3143; ppageno 0'>
   <div class='ocr_carea' id='block_1_1' title="bbox 1586 140 1677 185">
    <p class='ocr_par' dir='ltr' id='par_1_1' title="bbox 1586 140 1677 185">
     <span class='ocr_line' id='line_1_1' title="bbox 1586 140 1677 185; baseline 0.011 -1"><span class='ocrx_word' id='word_1_1' title='bbox 1586 140 1677 185; x_wconf 81' lang='lat'><strong>169</strong></span> 
     </span>
    </p>
   </div>
   <div class='ocr_carea' id='block_1_2' title="bbox 206 245 1675 473">
    <p class='ocr_par' dir='ltr' id='par_1_2' title="bbox 206 245 1675 473">
     <span class='ocr_line' id='line_1_2' title="bbox 207 245 1674 302; baseline -0.003 -12"><span class='ocrx_word' id='word_1_2' title='bbox 207 250 368 299; x_wconf 90' lang='lat' dir='ltr'><strong>stituit,</strong></span> <span class='ocrx_word' id='word_1_3' title='bbox 400 253 793 298; x_wconf 87' lang='lat' dir='ltr'><strong>testemonumento‚</strong></span> <span class='ocrx_word' id='word_1_4' title='bbox 840 262 913 302; x_wconf 88' lang='lat' dir='ltr'><strong>per</strong></span> <span class='ocrx_word' id='word_1_5' title='bbox 942 248 1120 301; x_wconf 87' lang='lat' dir='ltr'><strong>Prayum</strong></span> <span class='ocrx_word' id='word_1_6' title='bbox 1154 260 1174 286; x_wconf 88' lang='lat' dir='ltr'><strong>e</strong></span> <span class='ocrx_word' id='word_1_7' title='bbox 1206 245 1358 288; x_wconf 77' lang='lat' dir='ltr'>Codice</span> <span class='ocrx_word' id='word_1_8' title='bbox 1392 246 1674 299; x_wconf 85' lang='lat' dir='ltr'><strong>manuscripto</strong></span> 
     </span>
     <span class='ocr_line' id='line_1_3' title="bbox 207 303 1675 359; baseline -0.003 -12"><span class='ocrx_word' id='word_1_9' title='bbox 207 307 387 359; x_wconf 80' lang='lat' dir='ltr'>Capituli</span> <span class='ocrx_word' id='word_1_10' title='bbox 432 306 701 346; x_wconf 87' lang='lat' dir='ltr'><strong>Posoniensis</strong></span> <span class='ocrx_word' id='word_1_11' title='bbox 750 305 837 345; x_wconf 86' lang='lat' dir='ltr'><strong>luce</strong></span> <span class='ocrx_word' id='word_1_12' title='bbox 884 307 1033 346; x_wconf 79' lang='lat' dir='ltr'><strong>donato</strong></span> <span class='ocrx_word' id='word_1_13' title='bbox 1058 304 1113 357; x_wconf 75' lang='lat'><strong>⁸),</strong></span> <span class='ocrx_word' id='word_1_14' title='bbox 1145 303 1427 345; x_wconf 79' lang='lat' dir='ltr'><strong>Nihilominus</strong></span> <span class='ocrx_word' id='word_1_15' title='bbox 1471 304 1519 342; x_wconf 83' lang='lat' dir='ltr'><strong>ab</strong></span> <span class='ocrx_word' id='word_1_16' title='bbox 1552 303 1675 354; x_wconf 87' lang='lat' dir='ltr'><strong>Regis</strong></span> 
     </span>
     <span class='ocr_line' id='line_1_4' title="bbox 206 359 1675 416; baseline -0.003 -14"><span class='ocrx_word' id='word_1_17' title='bbox 206 362 331 416; x_wconf 90' lang='lat' dir='ltr'><strong>hujus</strong></span> <span class='ocrx_word' id='word_1_18' title='bbox 363 363 474 402; x_wconf 91' lang='lat' dir='ltr'><strong>obitu</strong></span> <span class='ocrx_word' id='word_1_19' title='bbox 507 362 682 401; x_wconf 90' lang='lat' dir='ltr'><strong>reditum</strong></span> <span class='ocrx_word' id='word_1_20' title='bbox 731 362 861 401; x_wconf 79' lang='lat' dir='ltr'><strong>fuisse</strong></span> <span class='ocrx_word' id='word_1_21' title='bbox 903 364 951 401; x_wconf 90' lang='lat' dir='ltr'><strong>ad</strong></span> <span class='ocrx_word' id='word_1_22' title='bbox 984 362 1163 402; x_wconf 84' lang='lat' dir='ltr'><strong>Lucrum</strong></span> <span class='ocrx_word' id='word_1_23' title='bbox 1206 359 1427 409; x_wconf 82' lang='lat' dir='ltr'><strong>Gamerae,</strong></span> <span class='ocrx_word' id='word_1_24' title='bbox 1471 373 1489 398; x_wconf 89' lang='lat' dir='ltr'><strong>c</strong></span> <span class='ocrx_word' id='word_1_25' title='bbox 1524 360 1675 399; x_wconf 89' lang='lat' dir='ltr'><strong>subsc-</strong></span> 
     </span>
     <span class='ocr_line' id='line_1_5' title="bbox 208 418 1040 473; baseline 0 -14"><span class='ocrx_word' id='word_1_26' title='bbox 208 420 424 473; x_wconf 89' lang='lat' dir='ltr'><strong>quentibus</strong></span> <span class='ocrx_word' id='word_1_27' title='bbox 458 419 618 471; x_wconf 89' lang='lat' dir='ltr'><strong>legibus</strong></span> <span class='ocrx_word' id='word_1_28' title='bbox 650 424 788 471; x_wconf 86' lang='lat' dir='ltr'><strong>aperte</strong></span> <span class='ocrx_word' id='word_1_29' title='bbox 820 418 1040 470; x_wconf 75' lang='lat' dir='ltr'><strong>colligitur.</strong></span> 
     </span>
    </p>
   </div>
   <div class='ocr_carea' id='block_1_3' title="bbox 409 508 1372 646">
    <p class='ocr_par' dir='ltr' id='par_1_3' title="bbox 409 508 1372 646">
     <span class='ocr_line' id='line_1_6' title="bbox 779 508 977 563; baseline 0 -11"><span class='ocrx_word' id='word_1_30' title='bbox 779 508 825 563; x_wconf 58' lang='grc' dir='ltr'><strong>ς.</strong></span> <span class='ocrx_word' id='word_1_31' title='bbox 866 509 977 555; x_wconf 82' lang='lat'>605.</span> 
     </span>
     <span class='ocr_line' id='line_1_7' title="bbox 409 590 1372 646; baseline -0.002 -9"><span class='ocrx_word' id='word_1_32' title='bbox 409 590 615 646; x_wconf 79' lang='lat' dir='ltr'><em>Quando</em></span> <span class='ocrx_word' id='word_1_33' title='bbox 654 592 870 636; x_wconf 76' lang='lat' dir='ltr'><strong>Lucrum</strong></span> <span class='ocrx_word' id='word_1_34' title='bbox 912 593 1153 637; x_wconf 76' lang='lat' dir='ltr'><strong><em>Gamerae</em></strong></span> <span class='ocrx_word' id='word_1_35' title='bbox 1189 590 1372 636; x_wconf 75' lang='lat' dir='ltr'><strong>desiit?</strong></span> 
     </span>
    </p>
   </div>
   <div class='ocr_carea' id='block_1_4' title="bbox 91 672 1680 1322">
    <p class='ocr_par' dir='ltr' id='par_1_4' title="bbox 91 672 1680 1322">
     <span class='ocr_line' id='line_1_8' title="bbox 224 672 1674 733; baseline -0.001 -14"><span class='ocrx_word' id='word_1_36' title='bbox 224 673 387 719; x_wconf 88' lang='lat' dir='ltr'><strong>Elucet</strong></span> <span class='ocrx_word' id='word_1_37' title='bbox 416 675 508 731; x_wconf 88' lang='lat' dir='ltr'><strong>jam</strong></span> <span class='ocrx_word' id='word_1_38' title='bbox 537 688 596 718; x_wconf 87' lang='lat' dir='ltr'><strong>ex</strong></span> <span class='ocrx_word' id='word_1_39' title='bbox 635 672 732 728; x_wconf 70' lang='lat' dir='ltr'><strong>his,</strong></span> <span class='ocrx_word' id='word_1_40' title='bbox 771 687 890 732; x_wconf 87' lang='lat' dir='ltr'><strong>quae</strong></span> <span class='ocrx_word' id='word_1_41' title='bbox 920 673 1237 729; x_wconf 63' lang='lat' dir='ltr'><strong>disseruimus,</strong></span> <span class='ocrx_word' id='word_1_42' title='bbox 1275 679 1413 733; x_wconf 87' lang='lat' dir='ltr'><strong>atque</strong></span> <span class='ocrx_word' id='word_1_43' title='bbox 1440 674 1513 729; x_wconf 77' lang='lat' dir='ltr'><strong>iis,</strong></span> <span class='ocrx_word' id='word_1_44' title='bbox 1556 686 1674 732; x_wconf 89' lang='lat' dir='ltr'><strong>quae</strong></span> 
     </span>
     <span class='ocr_line' id='line_1_9' title="bbox 91 737 1676 801; baseline -0.003 -14"><span class='ocrx_word' id='word_1_45' title='bbox 91 743 246 801; x_wconf 86' lang='lat' dir='ltr'><strong>Regni</strong></span> <span class='ocrx_word' id='word_1_46' title='bbox 272 741 488 786; x_wconf 82' lang='lat' dir='ltr'><strong>Decretis</strong></span> <span class='ocrx_word' id='word_1_47' title='bbox 516 741 635 785; x_wconf 86' lang='lat' dir='ltr'><strong>ultra</strong></span> <span class='ocrx_word' id='word_1_48' title='bbox 663 743 974 795; x_wconf 69' lang='lat' dir='ltr'><strong>continentur,</strong></span> <span class='ocrx_word' id='word_1_49' title='bbox 1001 739 1197 784; x_wconf 86' lang='lat' dir='ltr'><strong>Lucrum</strong></span> <span class='ocrx_word' id='word_1_50' title='bbox 1224 737 1448 785; x_wconf 81' lang='lat' dir='ltr'><strong>Gamerae</strong></span> <span class='ocrx_word' id='word_1_51' title='bbox 1476 754 1560 800; x_wconf 89' lang='lat' dir='ltr'><strong>pro</strong></span> <span class='ocrx_word' id='word_1_52' title='bbox 1590 753 1676 784; x_wconf 89' lang='lat' dir='ltr'><strong>or-</strong></span> 
     </span>
     <span class='ocr_line' id='line_1_10' title="bbox 94 806 1677 868; baseline -0.002 -14"><span class='ocrx_word' id='word_1_53' title='bbox 94 809 275 854; x_wconf 87' lang='lat' dir='ltr'><strong>dinario</strong></span> <span class='ocrx_word' id='word_1_54' title='bbox 304 822 447 853; x_wconf 89' lang='lat' dir='ltr'><strong>censu</strong></span> <span class='ocrx_word' id='word_1_55' title='bbox 485 808 731 868; x_wconf 81' lang='lat' dir='ltr'><strong>quotannis</strong></span> <span class='ocrx_word' id='word_1_56' title='bbox 760 806 1065 866; x_wconf 89' lang='lat' dir='ltr'><strong>dependendo</strong></span> <span class='ocrx_word' id='word_1_57' title='bbox 1094 806 1310 862; x_wconf 73' lang='lat' dir='ltr'><strong>habitum,</strong></span> <span class='ocrx_word' id='word_1_58' title='bbox 1339 813 1677 866; x_wconf 66' lang='lat' dir='ltr'><strong>exactumque,</strong></span> 
     </span>
     <span class='ocr_line' id='line_1_11' title="bbox 91 872 1676 933; baseline -0.003 -12"><span class='ocrx_word' id='word_1_59' title='bbox 91 890 257 922; x_wconf 85' lang='lat' dir='ltr'><strong>verum</strong></span> <span class='ocrx_word' id='word_1_60' title='bbox 289 877 366 932; x_wconf 80' lang='lat' dir='ltr'><strong>ita,</strong></span> <span class='ocrx_word' id='word_1_61' title='bbox 404 880 452 919; x_wconf 86' lang='lat' dir='ltr'><strong>ut</strong></span> <span class='ocrx_word' id='word_1_62' title='bbox 492 875 592 931; x_wconf 90' lang='lat' dir='ltr'><strong>ejus</strong></span> <span class='ocrx_word' id='word_1_63' title='bbox 621 881 711 918; x_wconf 87' lang='lat' dir='ltr'><strong>tam</strong></span> <span class='ocrx_word' id='word_1_64' title='bbox 746 876 994 933; x_wconf 75' lang='lat' dir='ltr'><strong>quantitaS,</strong></span> <span class='ocrx_word' id='word_1_65' title='bbox 1046 887 1179 932; x_wconf 85' lang='lat' dir='ltr'><strong>quam</strong></span> <span class='ocrx_word' id='word_1_66' title='bbox 1219 872 1396 919; x_wconf 84' lang='lat' dir='ltr'><strong>duratio</strong></span> <span class='ocrx_word' id='word_1_67' title='bbox 1438 876 1676 929; x_wconf 78' lang='lat' dir='ltr'><strong>variaret3</strong></span> 
     </span>
     <span class='ocr_line' id='line_1_12' title="bbox 92 940 1676 1002; baseline -0.003 -15"><span class='ocrx_word' id='word_1_68' title='bbox 92 945 273 1002; x_wconf 82' lang='lat' dir='ltr'><strong>quoties</strong></span> <span class='ocrx_word' id='word_1_69' title='bbox 301 949 450 987; x_wconf 87' lang='lat' dir='ltr'><strong>autem</strong></span> <span class='ocrx_word' id='word_1_70' title='bbox 480 940 868 986; x_wconf 86' lang='lat' dir='ltr'><strong>contributionem</strong></span> <span class='ocrx_word' id='word_1_71' title='bbox 908 955 992 1001; x_wconf 92' lang='lat' dir='ltr'><strong>per</strong></span> <span class='ocrx_word' id='word_1_72' title='bbox 1033 940 1227 985; x_wconf 86' lang='lat' dir='ltr'><strong>Comitia</strong></span> <span class='ocrx_word' id='word_1_73' title='bbox 1273 940 1429 985; x_wconf 84' lang='lat' dir='ltr'><strong>offerri</strong></span> <span class='ocrx_word' id='word_1_74' title='bbox 1466 941 1676 999; x_wconf 62' lang='lat' dir='ltr'><strong>contigit,</strong></span> 
     </span>
     <span class='ocr_line' id='line_1_13' title="bbox 95 1006 1674 1068; baseline -0.002 -14"><span class='ocrx_word' id='word_1_75' title='bbox 95 1011 230 1054; x_wconf 88' lang='lat' dir='ltr'><strong>toties</strong></span> <span class='ocrx_word' id='word_1_76' title='bbox 258 1007 363 1052; x_wconf 92' lang='lat' dir='ltr'><strong>huic</strong></span> <span class='ocrx_word' id='word_1_77' title='bbox 401 1008 512 1052; x_wconf 92' lang='lat' dir='ltr'><strong>illud</strong></span> <span class='ocrx_word' id='word_1_78' title='bbox 542 1007 690 1052; x_wconf 89' lang='lat' dir='ltr'><strong>fuisse</strong></span> <span class='ocrx_word' id='word_1_79' title='bbox 716 1010 1001 1068; x_wconf 83' lang='lat' dir='ltr'><strong>imputatum,</strong></span> <span class='ocrx_word' id='word_1_80' title='bbox 1029 1007 1166 1052; x_wconf 81' lang='lat' dir='ltr'><strong>docet</strong></span> <span class='ocrx_word' id='word_1_81' title='bbox 1196 1006 1242 1052; x_wconf 90' lang='lat' dir='ltr'><strong>id</strong></span> <span class='ocrx_word' id='word_1_82' title='bbox 1270 1009 1390 1052; x_wconf 85' lang='lat' dir='ltr'><strong>inter</strong></span> <span class='ocrx_word' id='word_1_83' title='bbox 1417 1007 1550 1066; x_wconf 88' lang='lat' dir='ltr'><strong>leges</strong></span> <span class='ocrx_word' id='word_1_84' title='bbox 1589 1022 1674 1052; x_wconf 87' lang='lat' dir='ltr'><strong>re-</strong></span> 
     </span>
     <span class='ocr_line' id='line_1_14' title="bbox 91 1072 1673 1135; baseline -0.001 -15"><span class='ocrx_word' id='word_1_85' title='bbox 91 1077 240 1135; x_wconf 89' lang='lat' dir='ltr'><strong>liquas</strong></span> <span class='ocrx_word' id='word_1_86' title='bbox 269 1075 543 1135; x_wconf 80' lang='lat' dir='ltr'><strong>explicatius</strong></span> <span class='ocrx_word' id='word_1_87' title='bbox 572 1074 677 1120; x_wconf 86' lang='lat' dir='ltr'><strong>alibi</strong></span> <span class='ocrx_word' id='word_1_88' title='bbox 704 1081 991 1135; x_wconf 85' lang='lat' dir='ltr'><strong>provocatus</strong></span> <span class='ocrx_word' id='word_1_89' title='bbox 1019 1074 1238 1119; x_wconf 81' lang='lat' dir='ltr'><strong>articulus</strong></span> <span class='ocrx_word' id='word_1_90' title='bbox 1256 1076 1299 1121; x_wconf 84' lang='lat'><strong>9.</strong></span> <span class='ocrx_word' id='word_1_91' title='bbox 1321 1076 1426 1120; x_wconf 88' lang='lat' dir='ltr'><strong>anni</strong></span> <span class='ocrx_word' id='word_1_92' title='bbox 1461 1072 1673 1132; x_wconf 46' lang='lat'><strong>156325)</strong></span> 
     </span>
     <span class='ocr_line' id='line_1_15' title="bbox 91 1140 1680 1202; baseline -0.001 -15"><span class='ocrx_word' id='word_1_93' title='bbox 91 1142 162 1187; x_wconf 81' lang='lat' dir='ltr'><strong>Ex</strong></span> <span class='ocrx_word' id='word_1_94' title='bbox 185 1156 275 1202; x_wconf 91' lang='lat' dir='ltr'><strong>quo</strong></span> <span class='ocrx_word' id='word_1_95' title='bbox 305 1141 497 1186; x_wconf 86' lang='lat' dir='ltr'><strong>evidens</strong></span> <span class='ocrx_word' id='word_1_96' title='bbox 527 1149 614 1198; x_wconf 76' lang='lat' dir='ltr'><strong>est,</strong></span> <span class='ocrx_word' id='word_1_97' title='bbox 645 1156 725 1186; x_wconf 90' lang='lat' dir='ltr'><strong>cur</strong></span> <span class='ocrx_word' id='word_1_98' title='bbox 751 1141 1070 1187; x_wconf 79' lang='lat' dir='ltr'><strong>invalescente</strong></span> <span class='ocrx_word' id='word_1_99' title='bbox 1098 1140 1456 1198; x_wconf 81' lang='lat' dir='ltr'><strong>contributione,</strong></span> <span class='ocrx_word' id='word_1_100' title='bbox 1485 1142 1680 1186; x_wconf 88' lang='lat' dir='ltr'><strong>Lucrum</strong></span> 
     </span>
     <span class='ocr_line' id='line_1_16' title="bbox 93 1208 1680 1269; baseline 0 -14"><span class='ocrx_word' id='word_1_101' title='bbox 93 1209 313 1255; x_wconf 82' lang='lat' dir='ltr'><strong>Gamerae</strong></span> <span class='ocrx_word' id='word_1_102' title='bbox 343 1210 554 1269; x_wconf 60' lang='lat' dir='ltr'><strong>penitus,</strong></span> <span class='ocrx_word' id='word_1_103' title='bbox 597 1215 733 1269; x_wconf 89' lang='lat' dir='ltr'><strong>atque</strong></span> <span class='ocrx_word' id='word_1_104' title='bbox 763 1208 992 1268; x_wconf 83' lang='lat' dir='ltr'><strong>legalibus</strong></span> <span class='ocrx_word' id='word_1_105' title='bbox 1023 1211 1207 1255; x_wconf 90' lang='lat' dir='ltr'><strong>omnino</strong></span> <span class='ocrx_word' id='word_1_106' title='bbox 1249 1223 1274 1254; x_wconf 91' lang='lat' dir='ltr'><strong>e</strong></span> <span class='ocrx_word' id='word_1_107' title='bbox 1308 1208 1563 1255; x_wconf 87' lang='lat' dir='ltr'><strong>rationibus</strong></span> <span class='ocrx_word' id='word_1_108' title='bbox 1592 1208 1680 1255; x_wconf 88' lang='lat' dir='ltr'><strong>de·-</strong></span> 
     </span>
     <span class='ocr_line' id='line_1_17' title="bbox 94 1274 512 1322; baseline -0.01 0"><span class='ocrx_word' id='word_1_109' title='bbox 94 1279 248 1322; x_wconf 88' lang='lat' dir='ltr'><strong>sinere</strong></span> <span class='ocrx_word' id='word_1_110' title='bbox 289 1274 512 1320; x_wconf 88' lang='lat' dir='ltr'><strong>debuerit.</strong></span> 
     </span>
    </p>
   </div>
   <div class='ocr_carea' id='block_1_5' title="bbox 147 1354 1679 2588">
    <p class='ocr_par' dir='ltr' id='par_1_5' title="bbox 147 1354 1679 2588">
     <span class='ocr_line' id='line_1_18' title="bbox 147 1354 1679 1410; baseline 0.002 -16"><span class='ocrx_word' id='word_1_111' title='bbox 147 1357 197 1410; x_wconf 64' lang='lat' dir='ltr'><strong>*J</strong></span> <span class='ocrx_word' id='word_1_112' title='bbox 232 1356 320 1405; x_wconf 84' lang='lat' dir='ltr'><strong>„De</strong></span> <span class='ocrx_word' id='word_1_113' title='bbox 350 1355 486 1394; x_wconf 86' lang='lat' dir='ltr'><strong>Lucro</strong></span> <span class='ocrx_word' id='word_1_114' title='bbox 521 1354 741 1404; x_wconf 86' lang='lat' dir='ltr'><strong>Gamerae,</strong></span> <span class='ocrx_word' id='word_1_115' title='bbox 774 1357 880 1406; x_wconf 89' lang='lat' dir='ltr'><strong>quod</strong></span> <span class='ocrx_word' id='word_1_116' title='bbox 915 1357 1040 1396; x_wconf 86' lang='lat' dir='ltr'><strong>Sacra</strong></span> <span class='ocrx_word' id='word_1_117' title='bbox 1071 1356 1273 1410; x_wconf 86' lang='lat' dir='ltr'><strong>Majestas</strong></span> <span class='ocrx_word' id='word_1_118' title='bbox 1309 1357 1536 1405; x_wconf 83' lang='lat' dir='ltr'><strong>Caesarea,</strong></span> <span class='ocrx_word' id='word_1_119' title='bbox 1570 1357 1679 1397; x_wconf 87' lang='lat' dir='ltr'><strong>velut</strong></span> 
     </span>
     <span class='ocr_line' id='line_1_19' title="bbox 205 1411 1678 1466; baseline 0.002 -16"><span class='ocrx_word' id='word_1_120' title='bbox 205 1412 447 1464; x_wconf 88' lang='lat' dir='ltr'><strong>„proprium</strong></span> <span class='ocrx_word' id='word_1_121' title='bbox 486 1411 670 1451; x_wconf 85' lang='lat' dir='ltr'><strong>Coronae</strong></span> <span class='ocrx_word' id='word_1_122' title='bbox 713 1418 957 1463; x_wconf 77' lang='lat' dir='ltr'><strong>proventum</strong></span> <span class='ocrx_word' id='word_1_123' title='bbox 1000 1414 1178 1465; x_wconf 90' lang='lat' dir='ltr'><strong>singulis</strong></span> <span class='ocrx_word' id='word_1_124' title='bbox 1220 1414 1262 1453; x_wconf 90' lang='lat' dir='ltr'><strong>in</strong></span> <span class='ocrx_word' id='word_1_125' title='bbox 1304 1421 1515 1466; x_wconf 88' lang='lat' dir='ltr'><strong>posterum</strong></span> <span class='ocrx_word' id='word_1_126' title='bbox 1560 1415 1678 1453; x_wconf 88' lang='lat' dir='ltr'><strong>annis</strong></span> 
     </span>
     <span class='ocr_line' id='line_1_20' title="bbox 205 1468 1676 1525; baseline 0.002 -17"><span class='ocrx_word' id='word_1_127' title='bbox 205 1470 320 1519; x_wconf 86' lang='lat' dir='ltr'><strong>„sive</strong></span> <span class='ocrx_word' id='word_1_128' title='bbox 353 1470 558 1508; x_wconf 82' lang='lat' dir='ltr'><strong>decretum</strong></span> <span class='ocrx_word' id='word_1_129' title='bbox 602 1468 725 1508; x_wconf 84' lang='lat' dir='ltr'><strong>fuerit</strong></span> <span class='ocrx_word' id='word_1_130' title='bbox 767 1469 1026 1518; x_wconf 88' lang='lat' dir='ltr'><strong>subsidium,</strong></span> <span class='ocrx_word' id='word_1_131' title='bbox 1070 1471 1156 1509; x_wconf 87' lang='lat' dir='ltr'><strong>sive</strong></span> <span class='ocrx_word' id='word_1_132' title='bbox 1189 1483 1293 1518; x_wconf 91' lang='lat' dir='ltr'><strong>non,</strong></span> <span class='ocrx_word' id='word_1_133' title='bbox 1338 1471 1457 1525; x_wconf 85' lang='lat' dir='ltr'><strong>juxta</strong></span> <span class='ocrx_word' id='word_1_134' title='bbox 1500 1477 1676 1511; x_wconf 87' lang='lat' dir='ltr'><strong>veterem</strong></span> 
     </span>
     <span class='ocr_line' id='line_1_21' title="bbox 206 1526 1672 1578; baseline 0.002 -15"><span class='ocrx_word' id='word_1_135' title='bbox 206 1538 386 1574; x_wconf 89' lang='lat' dir='ltr'><strong>„morem</strong></span> <span class='ocrx_word' id='word_1_136' title='bbox 419 1526 606 1564; x_wconf 90' lang='lat' dir='ltr'><strong>continue</strong></span> <span class='ocrx_word' id='word_1_137' title='bbox 650 1526 890 1577; x_wconf 75' lang='lat' dir='ltr'><strong>exigendum</strong></span> <span class='ocrx_word' id='word_1_138' title='bbox 924 1527 1084 1565; x_wconf 86' lang='lat' dir='ltr'><strong>decerni</strong></span> <span class='ocrx_word' id='word_1_139' title='bbox 1117 1527 1311 1578; x_wconf 82' lang='lat' dir='ltr'><strong>postulat.</strong></span> <span class='ocrx_word' id='word_1_140' title='bbox 1345 1550 1398 1555; x_wconf 94' lang='lat'><strong>—</strong></span> <span class='ocrx_word' id='word_1_141' title='bbox 1429 1528 1577 1566; x_wconf 85' lang='lat' dir='ltr'><strong>Visum</strong></span> <span class='ocrx_word' id='word_1_142' title='bbox 1610 1533 1672 1567; x_wconf 87' lang='lat' dir='ltr'><strong>est</strong></span> 
     </span>
     <span class='ocr_line' id='line_1_22' title="bbox 205 1581 1673 1635; baseline 0.002 -14"><span class='ocrx_word' id='word_1_143' title='bbox 205 1582 431 1631; x_wconf 88' lang='lat' dir='ltr'><strong>„Statibus,</strong></span> <span class='ocrx_word' id='word_1_144' title='bbox 459 1588 496 1620; x_wconf 88' lang='lat' dir='ltr'><strong>et</strong></span> <span class='ocrx_word' id='word_1_145' title='bbox 529 1581 756 1621; x_wconf 88' lang='lat' dir='ltr'><strong>Ordinibus</strong></span> <span class='ocrx_word' id='word_1_146' title='bbox 780 1583 923 1634; x_wconf 81' lang='lat' dir='ltr'><strong>Regni,</strong></span> <span class='ocrx_word' id='word_1_147' title='bbox 956 1584 1089 1634; x_wconf 90' lang='lat' dir='ltr'><strong>quod</strong></span> <span class='ocrx_word' id='word_1_148' title='bbox 1123 1584 1361 1634; x_wconf 89' lang='lat' dir='ltr'><strong>quamvis</strong></span> <span class='ocrx_word' id='word_1_149' title='bbox 1393 1597 1489 1623; x_wconf 88' lang='lat' dir='ltr'><strong>non</strong></span> <span class='ocrx_word' id='word_1_150' title='bbox 1523 1585 1673 1635; x_wconf 86' lang='lat' dir='ltr'><strong>igno-</strong></span> 
     </span>
     <span class='ocr_line' id='line_1_23' title="bbox 205 1638 1676 1690; baseline 0.001 -13"><span class='ocrx_word' id='word_1_151' title='bbox 205 1644 373 1688; x_wconf 88' lang='lat' dir='ltr'><strong>„rent,</strong></span> <span class='ocrx_word' id='word_1_152' title='bbox 405 1638 626 1677; x_wconf 86' lang='lat' dir='ltr'><strong>Lucrum</strong></span> <span class='ocrx_word' id='word_1_153' title='bbox 659 1639 753 1677; x_wconf 89' lang='lat' dir='ltr'><strong>hoc</strong></span> <span class='ocrx_word' id='word_1_154' title='bbox 786 1639 1031 1679; x_wconf 84' lang='lat' dir='ltr'><strong>Gamerae</strong></span> <span class='ocrx_word' id='word_1_155' title='bbox 1054 1640 1359 1690; x_wconf 88' lang='lat' dir='ltr'><strong>specialem,</strong></span> <span class='ocrx_word' id='word_1_156' title='bbox 1391 1642 1676 1680; x_wconf 86' lang='lat' dir='ltr'><strong>etordina-</strong></span> 
     </span>
     <span class='ocr_line' id='line_1_24' title="bbox 206 1695 1677 1747; baseline 0.002 -14"><span class='ocrx_word' id='word_1_157' title='bbox 206 1696 371 1743; x_wconf 85' lang='lat' dir='ltr'><strong>„rium</strong></span> <span class='ocrx_word' id='word_1_158' title='bbox 418 1707 536 1733; x_wconf 88' lang='lat' dir='ltr'><strong>esse</strong></span> <span class='ocrx_word' id='word_1_159' title='bbox 584 1695 776 1747; x_wconf 86' lang='lat' dir='ltr'><strong>Regum</strong></span> <span class='ocrx_word' id='word_1_160' title='bbox 824 1695 1097 1746; x_wconf 88' lang='lat' dir='ltr'><strong>Ungariae</strong></span> <span class='ocrx_word' id='word_1_161' title='bbox 1144 1702 1490 1746; x_wconf 74' lang='lat' dir='ltr'><strong>proventum.</strong></span> <span class='ocrx_word' id='word_1_162' title='bbox 1541 1698 1677 1743; x_wconf 82' lang='lat' dir='ltr'><strong>Quia</strong></span> 
     </span>
     <span class='ocr_line' id='line_1_25' title="bbox 204 1751 1673 1803; baseline 0.002 -14"><span class='ocrx_word' id='word_1_163' title='bbox 204 1760 402 1801; x_wconf 88' lang='lat' dir='ltr'><strong>„tamen</strong></span> <span class='ocrx_word' id='word_1_164' title='bbox 435 1763 457 1789; x_wconf 88' lang='lat' dir='ltr'><strong>a</strong></span> <span class='ocrx_word' id='word_1_165' title='bbox 489 1751 673 1789; x_wconf 86' lang='lat' dir='ltr'><strong>multis</strong></span> <span class='ocrx_word' id='word_1_166' title='bbox 705 1751 824 1790; x_wconf 92' lang='lat' dir='ltr'><strong>inde</strong></span> <span class='ocrx_word' id='word_1_167' title='bbox 865 1752 1022 1790; x_wconf 87' lang='lat' dir='ltr'><strong>annis</strong></span> <span class='ocrx_word' id='word_1_168' title='bbox 1064 1751 1138 1790; x_wconf 89' lang='lat' dir='ltr'><strong>ita</strong></span> <span class='ocrx_word' id='word_1_169' title='bbox 1178 1764 1386 1803; x_wconf 86' lang='lat' dir='ltr'><strong>semper</strong></span> <span class='ocrx_word' id='word_1_170' title='bbox 1418 1754 1673 1793; x_wconf 83' lang='lat' dir='ltr'><strong>observa-</strong></span> 
     </span>
     <span class='ocr_line' id='line_1_26' title="bbox 205 1807 1672 1861; baseline 0.001 -14"><span class='ocrx_word' id='word_1_171' title='bbox 205 1815 337 1857; x_wconf 91' lang='lat' dir='ltr'><strong>„tum</strong></span> <span class='ocrx_word' id='word_1_172' title='bbox 372 1807 544 1845; x_wconf 83' lang='lat' dir='ltr'><strong>fuisse</strong></span> <span class='ocrx_word' id='word_1_173' title='bbox 596 1809 972 1856; x_wconf 85' lang='lat' dir='ltr'><strong>recordantur,</strong></span> <span class='ocrx_word' id='word_1_174' title='bbox 1022 1813 1072 1845; x_wconf 90' lang='lat' dir='ltr'><strong>ut</strong></span> <span class='ocrx_word' id='word_1_175' title='bbox 1106 1808 1292 1847; x_wconf 87' lang='lat' dir='ltr'><strong>oblato</strong></span> <span class='ocrx_word' id='word_1_176' title='bbox 1336 1821 1428 1860; x_wconf 86' lang='lat' dir='ltr'><strong>per</strong></span> <span class='ocrx_word' id='word_1_177' title='bbox 1473 1809 1672 1861; x_wconf 84' lang='lat' dir='ltr'><strong>Regni-</strong></span> 
     </span>
     <span class='ocr_line' id='line_1_27' title="bbox 207 1862 1676 1914; baseline 0.002 -12"><span class='ocrx_word' id='word_1_178' title='bbox 207 1863 381 1913; x_wconf 87' lang='lat' dir='ltr'><strong>„colas</strong></span> <span class='ocrx_word' id='word_1_179' title='bbox 414 1862 652 1914; x_wconf 81' lang='lat' dir='ltr'><strong>Regibus</strong></span> <span class='ocrx_word' id='word_1_180' title='bbox 685 1864 957 1911; x_wconf 83' lang='lat' dir='ltr'><strong>subsidio,</strong></span> <span class='ocrx_word' id='word_1_181' title='bbox 998 1863 1224 1903; x_wconf 87' lang='lat' dir='ltr'><strong>Lucrum</strong></span> <span class='ocrx_word' id='word_1_182' title='bbox 1260 1865 1508 1905; x_wconf 84' lang='lat' dir='ltr'><strong>Gamerae</strong></span> <span class='ocrx_word' id='word_1_183' title='bbox 1540 1879 1676 1905; x_wconf 88' lang='lat' dir='ltr'><strong>sem-</strong></span> 
     </span>
     <span class='ocr_line' id='line_1_28' title="bbox 207 1918 1673 1973; baseline 0.003 -15"><span class='ocrx_word' id='word_1_184' title='bbox 207 1920 496 1971; x_wconf 74' lang='lat' dir='ltr'><strong>„perintra</strong></span> <span class='ocrx_word' id='word_1_185' title='bbox 528 1918 666 1957; x_wconf 88' lang='lat' dir='ltr'><strong>illud</strong></span> <span class='ocrx_word' id='word_1_186' title='bbox 710 1919 877 1958; x_wconf 88' lang='lat' dir='ltr'><strong>fuerit</strong></span> <span class='ocrx_word' id='word_1_187' title='bbox 918 1926 1295 1970; x_wconf 80' lang='lat' dir='ltr'><strong>computatum,</strong></span> <span class='ocrx_word' id='word_1_188' title='bbox 1336 1927 1383 1960; x_wconf 91' lang='lat' dir='ltr'><strong>et</strong></span> <span class='ocrx_word' id='word_1_189' title='bbox 1414 1935 1673 1973; x_wconf 89' lang='lat' dir='ltr'><strong>nunquam</strong></span> 
     </span>
     <span class='ocr_line' id='line_1_29' title="bbox 207 1975 1673 2030; baseline 0.002 -15"><span class='ocrx_word' id='word_1_190' title='bbox 207 1975 467 2026; x_wconf 86' lang='lat' dir='ltr'><strong>„seorsim</strong></span> <span class='ocrx_word' id='word_1_191' title='bbox 511 1988 618 2014; x_wconf 89' lang='lat' dir='ltr'><strong>cum</strong></span> <span class='ocrx_word' id='word_1_192' title='bbox 651 1976 908 2014; x_wconf 88' lang='lat' dir='ltr'><strong>subsidio</strong></span> <span class='ocrx_word' id='word_1_193' title='bbox 942 1982 1204 2024; x_wconf 66' lang='lat' dir='ltr'><strong>exactum</strong></span> <span class='ocrx_word' id='word_1_194' title='bbox 1238 1978 1329 2016; x_wconf 92' lang='lat' dir='ltr'><strong>ideo</strong></span> <span class='ocrx_word' id='word_1_195' title='bbox 1362 1991 1412 2016; x_wconf 91' lang='lat' dir='ltr'><strong>ne</strong></span> <span class='ocrx_word' id='word_1_196' title='bbox 1435 1992 1541 2017; x_wconf 88' lang='lat' dir='ltr'><strong>nunc</strong></span> <span class='ocrx_word' id='word_1_197' title='bbox 1574 1981 1673 2030; x_wconf 92' lang='lat' dir='ltr'><strong>qui-</strong></span> 
     </span>
     <span class='ocr_line' id='line_1_30' title="bbox 206 2033 1675 2086; baseline 0.003 -15"><span class='ocrx_word' id='word_1_198' title='bbox 206 2034 323 2082; x_wconf 83' lang='lat' dir='ltr'><strong>„dem</strong></span> <span class='ocrx_word' id='word_1_199' title='bbox 358 2033 573 2083; x_wconf 90' lang='lat' dir='ltr'><strong>quidquam</strong></span> <span class='ocrx_word' id='word_1_200' title='bbox 606 2044 629 2069; x_wconf 90' lang='lat' dir='ltr'><strong>a</strong></span> <span class='ocrx_word' id='word_1_201' title='bbox 661 2033 787 2071; x_wconf 86' lang='lat' dir='ltr'><strong>veteri</strong></span> <span class='ocrx_word' id='word_1_202' title='bbox 829 2033 910 2071; x_wconf 88' lang='lat' dir='ltr'><strong>ista</strong></span> <span class='ocrx_word' id='word_1_203' title='bbox 953 2034 1246 2072; x_wconf 87' lang='lat' dir='ltr'><strong>consvetudine</strong></span> <span class='ocrx_word' id='word_1_204' title='bbox 1288 2034 1496 2074; x_wconf 85' lang='lat' dir='ltr'><strong>immutari</strong></span> <span class='ocrx_word' id='word_1_205' title='bbox 1539 2048 1675 2086; x_wconf 86' lang='lat' dir='ltr'><strong>posse.</strong></span> 
     </span>
     <span class='ocr_line' id='line_1_31' title="bbox 208 2087 1677 2144; baseline 0.003 -17"><span class='ocrx_word' id='word_1_206' title='bbox 208 2090 366 2139; x_wconf 85' lang='lat' dir='ltr'><strong>„Atque</strong></span> <span class='ocrx_word' id='word_1_207' title='bbox 399 2095 614 2139; x_wconf 89' lang='lat' dir='ltr'><strong>propterea</strong></span> <span class='ocrx_word' id='word_1_208' title='bbox 647 2089 794 2127; x_wconf 80' lang='lat' dir='ltr'><strong>Sacrae</strong></span> <span class='ocrx_word' id='word_1_209' title='bbox 825 2087 1037 2142; x_wconf 85' lang='lat' dir='ltr'><strong>Majestati</strong></span> <span class='ocrx_word' id='word_1_210' title='bbox 1071 2089 1296 2130; x_wconf 85' lang='lat' dir='ltr'><strong>Caesareae</strong></span> <span class='ocrx_word' id='word_1_211' title='bbox 1317 2091 1543 2131; x_wconf 89' lang='lat' dir='ltr'><strong>humillime</strong></span> <span class='ocrx_word' id='word_1_212' title='bbox 1568 2105 1677 2144; x_wconf 88' lang='lat' dir='ltr'><strong>sup-</strong></span> 
     </span>
     <span class='ocr_line' id='line_1_32' title="bbox 207 2144 1677 2196; baseline 0.004 -15"><span class='ocrx_word' id='word_1_213' title='bbox 207 2144 514 2195; x_wconf 83' lang='lat' dir='ltr'><strong>„plicaverunt,</strong></span> <span class='ocrx_word' id='word_1_214' title='bbox 547 2145 785 2195; x_wconf 87' lang='lat' dir='ltr'><strong>dignaretur</strong></span> <span class='ocrx_word' id='word_1_215' title='bbox 817 2145 930 2196; x_wconf 90' lang='lat' dir='ltr'><strong>ipsos</strong></span> <span class='ocrx_word' id='word_1_216' title='bbox 965 2146 1004 2184; x_wconf 92' lang='lat' dir='ltr'><strong>in</strong></span> <span class='ocrx_word' id='word_1_217' title='bbox 1039 2147 1167 2184; x_wconf 82' lang='lat' dir='ltr'><strong>veteri</strong></span> <span class='ocrx_word' id='word_1_218' title='bbox 1204 2146 1284 2185; x_wconf 87' lang='lat' dir='ltr'><strong>isto</strong></span> <span class='ocrx_word' id='word_1_219' title='bbox 1318 2160 1428 2187; x_wconf 90' lang='lat' dir='ltr'><strong>more</strong></span> <span class='ocrx_word' id='word_1_220' title='bbox 1460 2148 1677 2188; x_wconf 84' lang='lat' dir='ltr'><strong>clementer</strong></span> 
     </span>
     <span class='ocr_line' id='line_1_33' title="bbox 208 2200 1676 2252; baseline 0.003 -14"><span class='ocrx_word' id='word_1_221' title='bbox 208 2213 502 2249; x_wconf 65' lang='lat' dir='ltr'><strong>„conservareg</strong></span> <span class='ocrx_word' id='word_1_222' title='bbox 548 2200 762 2252; x_wconf 86' lang='lat' dir='ltr'><strong>ipsumque</strong></span> <span class='ocrx_word' id='word_1_223' title='bbox 792 2201 972 2241; x_wconf 91' lang='lat' dir='ltr'><strong>Lucrum</strong></span> <span class='ocrx_word' id='word_1_224' title='bbox 1019 2201 1213 2241; x_wconf 85' lang='lat' dir='ltr'><strong>Gamerae</strong></span> <span class='ocrx_word' id='word_1_225' title='bbox 1254 2204 1362 2242; x_wconf 87' lang='lat' dir='ltr'><strong>intra</strong></span> <span class='ocrx_word' id='word_1_226' title='bbox 1394 2204 1522 2242; x_wconf 87' lang='lat' dir='ltr'><strong>dicam</strong></span> <span class='ocrx_word' id='word_1_227' title='bbox 1556 2206 1676 2244; x_wconf 90' lang='lat' dir='ltr'><strong>obla-</strong></span> 
     </span>
     <span class='ocr_line' id='line_1_34' title="bbox 208 2257 1678 2312; baseline 0.003 -17"><span class='ocrx_word' id='word_1_228' title='bbox 208 2263 316 2306; x_wconf 85' lang='lat' dir='ltr'><strong>„tam</strong></span> <span class='ocrx_word' id='word_1_229' title='bbox 362 2262 635 2307; x_wconf 81' lang='lat' dir='ltr'><strong>computatum</strong></span> <span class='ocrx_word' id='word_1_230' title='bbox 683 2263 904 2309; x_wconf 87' lang='lat' dir='ltr'><strong>acceptare.</strong></span> <span class='ocrx_word' id='word_1_231' title='bbox 966 2258 1017 2296; x_wconf 93' lang='lat' dir='ltr'><strong>Id</strong></span> <span class='ocrx_word' id='word_1_232' title='bbox 1065 2259 1200 2308; x_wconf 88' lang='lat' dir='ltr'><strong>quod</strong></span> <span class='ocrx_word' id='word_1_233' title='bbox 1247 2257 1520 2312; x_wconf 86' lang='lat' dir='ltr'><strong>Majestas</strong></span> <span class='ocrx_word' id='word_1_234' title='bbox 1573 2262 1678 2300; x_wconf 88' lang='lat' dir='ltr'><strong>Sua</strong></span> 
     </span>
     <span class='ocr_line' id='line_1_35' title="bbox 207 2312 1677 2366; baseline 0.002 -13"><span class='ocrx_word' id='word_1_235' title='bbox 207 2313 499 2361; x_wconf 87' lang='lat' dir='ltr'><strong>„Caesarea</strong></span> <span class='ocrx_word' id='word_1_236' title='bbox 530 2312 818 2353; x_wconf 85' lang='lat' dir='ltr'><strong>clementer</strong></span> <span class='ocrx_word' id='word_1_237' title='bbox 849 2314 1084 2354; x_wconf 85' lang='lat' dir='ltr'><strong>admisit.</strong></span> <span class='ocrx_word' id='word_1_238' title='bbox 1119 2314 1181 2352; x_wconf 85' lang='lat' dir='ltr'><strong>lta</strong></span> <span class='ocrx_word' id='word_1_239' title='bbox 1212 2320 1359 2363; x_wconf 88' lang='lat' dir='ltr'><strong>tamen,</strong></span> <span class='ocrx_word' id='word_1_240' title='bbox 1393 2315 1504 2354; x_wconf 90' lang='lat' dir='ltr'><strong>utin</strong></span> <span class='ocrx_word' id='word_1_241' title='bbox 1533 2324 1677 2366; x_wconf 85' lang='lat' dir='ltr'><strong>poste-</strong></span> 
     </span>
     <span class='ocr_line' id='line_1_36' title="bbox 207 2369 1676 2422; baseline 0.003 -14"><span class='ocrx_word' id='word_1_242' title='bbox 207 2382 326 2420; x_wconf 88' lang='lat' dir='ltr'><strong>„rum</strong></span> <span class='ocrx_word' id='word_1_243' title='bbox 359 2370 398 2407; x_wconf 91' lang='lat' dir='ltr'><strong>id</strong></span> <span class='ocrx_word' id='word_1_244' title='bbox 431 2369 586 2408; x_wconf 91' lang='lat' dir='ltr'><strong>lucrum</strong></span> <span class='ocrx_word' id='word_1_245' title='bbox 620 2371 796 2422; x_wconf 87' lang='lat' dir='ltr'><strong>singulis</strong></span> <span class='ocrx_word' id='word_1_246' title='bbox 825 2371 944 2409; x_wconf 89' lang='lat' dir='ltr'><strong>annis</strong></span> <span class='ocrx_word' id='word_1_247' title='bbox 963 2369 1082 2422; x_wconf 79' lang='lat' dir='ltr'><strong>juxta</strong></span> <span class='ocrx_word' id='word_1_248' title='bbox 1107 2370 1312 2422; x_wconf 89' lang='lat' dir='ltr'><strong>antiquam</strong></span> <span class='ocrx_word' id='word_1_249' title='bbox 1341 2374 1676 2413; x_wconf 73' lang='lat' dir='ltr'><strong>consvctudinem</strong></span> 
     </span>
     <span class='ocr_line' id='line_1_37' title="bbox 207 2425 1674 2479; baseline 0.003 -14"><span class='ocrx_word' id='word_1_250' title='bbox 207 2425 448 2477; x_wconf 76' lang='lat' dir='ltr'><strong>,‚exigatur‚</strong></span> <span class='ocrx_word' id='word_1_251' title='bbox 493 2426 529 2464; x_wconf 90' lang='lat' dir='ltr'><strong>si</strong></span> <span class='ocrx_word' id='word_1_252' title='bbox 572 2428 731 2477; x_wconf 89' lang='lat' dir='ltr'><strong>quando</strong></span> <span class='ocrx_word' id='word_1_253' title='bbox 775 2427 1026 2477; x_wconf 88' lang='lat' dir='ltr'><strong>contingeret</strong></span> <span class='ocrx_word' id='word_1_254' title='bbox 1066 2425 1199 2478; x_wconf 89' lang='lat' dir='ltr'><strong>(quod</strong></span> <span class='ocrx_word' id='word_1_255' title='bbox 1238 2429 1420 2478; x_wconf 73' lang='lat' dir='ltr'><strong>proxime</strong></span> <span class='ocrx_word' id='word_1_256' title='bbox 1453 2430 1674 2479; x_wconf 85' lang='lat' dir='ltr'><strong>praeterito</strong></span> 
     </span>
     <span class='ocr_line' id='line_1_38' title="bbox 210 2482 1674 2537; baseline 0.005 -18"><span class='ocrx_word' id='word_1_257' title='bbox 210 2482 508 2533; x_wconf 85' lang='lat' dir='ltr'><strong>„quadriennio</strong></span> <span class='ocrx_word' id='word_1_258' title='bbox 542 2483 739 2534; x_wconf 84' lang='lat' dir='ltr'><strong>contigit)</strong></span> <span class='ocrx_word' id='word_1_259' title='bbox 775 2495 848 2532; x_wconf 86' lang='lat' dir='ltr'><strong>per</strong></span> <span class='ocrx_word' id='word_1_260' title='bbox 879 2495 1025 2521; x_wconf 91' lang='lat' dir='ltr'><strong>annum</strong></span> <span class='ocrx_word' id='word_1_261' title='bbox 1060 2483 1301 2535; x_wconf 85' lang='lat' dir='ltr'><strong>quempiam,</strong></span> <span class='ocrx_word' id='word_1_262' title='bbox 1335 2485 1398 2524; x_wconf 85' lang='lat' dir='ltr'><strong>vcl</strong></span> <span class='ocrx_word' id='word_1_263' title='bbox 1431 2498 1503 2536; x_wconf 86' lang='lat' dir='ltr'><strong>per</strong></span> <span class='ocrx_word' id='word_1_264' title='bbox 1534 2485 1674 2537; x_wconf 85' lang='lat' dir='ltr'><strong>plures</strong></span> 
     </span>
     <span class='ocr_line' id='line_1_39' title="bbox 213 2538 996 2588; baseline 0.003 -12"><span class='ocrx_word' id='word_1_265' title='bbox 213 2551 372 2586; x_wconf 88' lang='lat' dir='ltr'><strong>„annos</strong></span> <span class='ocrx_word' id='word_1_266' title='bbox 404 2538 557 2577; x_wconf 89' lang='lat' dir='ltr'><strong>nullam</strong></span> <span class='ocrx_word' id='word_1_267' title='bbox 590 2539 719 2577; x_wconf 84' lang='lat' dir='ltr'><strong>dicam</strong></span> <span class='ocrx_word' id='word_1_268' title='bbox 752 2538 996 2588; x_wconf 83' lang='lat' dir='ltr'><strong>publicari.“</strong></span> 
     </span>
    </p>
   </div>
   <div class='ocr_carea' id='block_1_6' title="bbox 236 2625 1674 2837">
    <p class='ocr_par' dir='ltr' id='par_1_6' title="bbox 236 2625 1674 2837">
     <span class='ocr_line' id='line_1_40' title="bbox 789 2625 988 2679; baseline 0 -10"><span class='ocrx_word' id='word_1_269' title='bbox 789 2625 836 2679; x_wconf 57' lang='grc' dir='ltr'><strong>ὃ.</strong></span> <span class='ocrx_word' id='word_1_270' title='bbox 877 2627 988 2673; x_wconf 89' lang='grc'>606.</span> 
     </span>
     <span class='ocr_line' id='line_1_41' title="bbox 725 2693 1048 2739; baseline 0.006 -2"><span class='ocrx_word' id='word_1_271' title='bbox 725 2693 1048 2739; x_wconf 73' lang='lat' dir='ltr'><strong>Conlre‘bulz&#39;o.</strong></span> 
     </span>
     <span class='ocr_line' id='line_1_42' title="bbox 236 2772 1674 2837; baseline 0.003 -19"><span class='ocrx_word' id='word_1_272' title='bbox 236 2772 541 2829; x_wconf 74' lang='lat' dir='ltr'><strong>Contributio,</strong></span> <span class='ocrx_word' id='word_1_273' title='bbox 566 2787 683 2834; x_wconf 83' lang='lat' dir='ltr'><strong>quae</strong></span> <span class='ocrx_word' id='word_1_274' title='bbox 715 2772 815 2831; x_wconf 59' lang='lat' dir='ltr'><strong>hac,</strong></span> <span class='ocrx_word' id='word_1_275' title='bbox 845 2774 923 2820; x_wconf 86' lang='lat' dir='ltr'><strong>vel</strong></span> <span class='ocrx_word' id='word_1_276' title='bbox 950 2775 1091 2822; x_wconf 79' lang='lat' dir='ltr'><strong>DIcae</strong></span> <span class='ocrx_word' id='word_1_277' title='bbox 1107 2775 1161 2837; x_wconf 38' lang='grc' dir='ltr'><strong>ὓ)</strong></span> <span class='ocrx_word' id='word_1_278' title='bbox 1190 2777 1271 2824; x_wconf 87' lang='lat' dir='ltr'><strong>sub</strong></span> <span class='ocrx_word' id='word_1_279' title='bbox 1299 2773 1674 2824; x_wconf 80' lang='lat' dir='ltr'><strong>denominatione</strong></span> 
     </span>
    </p>
   </div>
   <div class='ocr_carea' id='block_1_7' title="bbox 109 2850 374 2861">
    <p class='ocr_par' dir='ltr' id='par_1_7' title="bbox 109 2850 374 2861">
     <span class='ocr_line' id='line_1_43' title="bbox 109 2850 374 2861; baseline 0 282"><span class='ocrx_word' id='word_1_280' title='bbox 109 2850 374 2861; x_wconf 95' lang='lat' dir='ltr'><strong> </strong></span> 
     </span>
    </p>
   </div>
   <div class='ocr_carea' id='block_1_8' title="bbox 137 2886 1009 2931">
    <p class='ocr_par' dir='ltr' id='par_1_8' title="bbox 137 2886 1009 2931">
     <span class='ocr_line' id='line_1_44' title="bbox 137 2886 1009 2931; baseline 0.008 -14"><span class='ocrx_word' id='word_1_281' title='bbox 137 2886 166 2926; x_wconf 65' lang='grc' dir='ltr'><strong>ε)</strong></span> <span class='ocrx_word' id='word_1_282' title='bbox 193 2887 232 2918; x_wconf 87' lang='lat' dir='ltr'><strong>In</strong></span> <span class='ocrx_word' id='word_1_283' title='bbox 257 2886 416 2919; x_wconf 82' lang='lat' dir='ltr'><strong>Dissert.</strong></span> <span class='ocrx_word' id='word_1_284' title='bbox 447 2886 488 2920; x_wconf 89' lang='lat' dir='ltr'><strong>de</strong></span> <span class='ocrx_word' id='word_1_285' title='bbox 512 2887 678 2920; x_wconf 80' lang='lat' dir='ltr'><strong>Prioratu</strong></span> <span class='ocrx_word' id='word_1_286' title='bbox 704 2888 870 2923; x_wconf 80' lang='lat' dir='ltr'><strong>Auranae</strong></span> <span class='ocrx_word' id='word_1_287' title='bbox 895 2898 928 2931; x_wconf 76' lang='lat' dir='ltr'><strong>p.</strong></span> <span class='ocrx_word' id='word_1_288' title='bbox 954 2891 1009 2924; x_wconf 78' lang='lat'><strong>52.</strong></span> 
     </span>
    </p>
   </div>
  </div>
 </body>
</html>
