<?xml version="1.0" encoding="UTF-8"?>
<!DOCTYPE html PUBLIC "-//W3C//DTD XHTML 1.0 Transitional//EN"
    "http://www.w3.org/TR/xhtml1/DTD/xhtml1-transitional.dtd">
<html xmlns="http://www.w3.org/1999/xhtml" xml:lang="en" lang="en">
 <head>
  <title>
</title>
<meta http-equiv="Content-Type" content="text/html;charset=utf-8" />
  <meta name='ocr-system' content='tesseract 3.04.00' />
  <meta name='ocr-capabilities' content='ocr_page ocr_carea ocr_par ocr_line ocrx_word'/>
</head>
<body>
  <div class='ocr_page' id='page_1' title='image "./conspectusjurisp00czir_0345.png"; bbox 0 0 1941 3143; ppageno 0'>
   <div class='ocr_carea' id='block_1_1' title="bbox 1672 123 1731 172">
    <p class='ocr_par' dir='ltr' id='par_1_1' title="bbox 1672 123 1731 172">
     <span class='ocr_line' id='line_1_1' title="bbox 1672 123 1731 172; baseline -0.034 0"><span class='ocrx_word' id='word_1_1' title='bbox 1672 123 1731 172; x_wconf 81' lang='lat'>71</span> 
     </span>
    </p>
   </div>
   <div class='ocr_carea' id='block_1_2' title="bbox 255 227 1726 337">
    <p class='ocr_par' dir='ltr' id='par_1_2' title="bbox 255 227 1726 337">
     <span class='ocr_line' id='line_1_2' title="bbox 255 227 1726 282; baseline 0.001 -13"><span class='ocrx_word' id='word_1_2' title='bbox 255 229 330 269; x_wconf 87' lang='lat' dir='ltr'>bus</span> <span class='ocrx_word' id='word_1_3' title='bbox 362 228 492 281; x_wconf 80' lang='lat' dir='ltr'><strong>Regni</strong></span> <span class='ocrx_word' id='word_1_4' title='bbox 530 227 757 268; x_wconf 82' lang='lat' dir='ltr'>ordinariis</span> <span class='ocrx_word' id='word_1_5' title='bbox 799 229 1025 278; x_wconf 81' lang='lat' dir='ltr'><strong>dabantur,</strong></span> <span class='ocrx_word' id='word_1_6' title='bbox 1070 230 1273 279; x_wconf 76' lang='lat' dir='ltr'>scrutari,</span> <span class='ocrx_word' id='word_1_7' title='bbox 1323 232 1375 270; x_wconf 84' lang='lat' dir='ltr'>ad</span> <span class='ocrx_word' id='word_1_8' title='bbox 1405 231 1486 272; x_wconf 82' lang='lat' dir='ltr'>Jus</span> <span class='ocrx_word' id='word_1_9' title='bbox 1518 229 1726 282; x_wconf 80' lang='lat' dir='ltr'>privatum</span> 
     </span>
     <span class='ocr_line' id='line_1_3' title="bbox 259 289 423 337; baseline 0.006 -13"><span class='ocrx_word' id='word_1_10' title='bbox 259 289 423 337; x_wconf 83' lang='lat' dir='ltr'>spectat.</span> 
     </span>
    </p>
   </div>
   <div class='ocr_carea' id='block_1_3' title="bbox 655 409 1208 557">
    <p class='ocr_par' dir='ltr' id='par_1_3' title="bbox 655 409 1208 557">
     <span class='ocr_line' id='line_1_4' title="bbox 827 409 1027 464; baseline 0.005 -11"><span class='ocrx_word' id='word_1_11' title='bbox 827 409 874 464; x_wconf 82' lang='lat'>§.</span> <span class='ocrx_word' id='word_1_12' title='bbox 914 409 1027 456; x_wconf 79' lang='lat'><strong>437.</strong></span> 
     </span>
     <span class='ocr_line' id='line_1_5' title="bbox 655 508 1208 557; baseline 0.007 -5"><span class='ocrx_word' id='word_1_13' title='bbox 655 508 885 553; x_wconf 75' lang='lat' dir='ltr'>Potestas</span> <span class='ocrx_word' id='word_1_14' title='bbox 923 512 1208 557; x_wconf 59' lang='lat' dir='ltr'>coercz‘te&#39;va.</span> 
     </span>
    </p>
   </div>
   <div class='ocr_carea' id='block_1_4' title="bbox 140 603 1726 1405">
    <p class='ocr_par' dir='ltr' id='par_1_4' title="bbox 140 603 1726 1405">
     <span class='ocr_line' id='line_1_6' title="bbox 276 603 1725 667; baseline 0.001 -16"><span class='ocrx_word' id='word_1_15' title='bbox 276 606 456 651; x_wconf 90' lang='lat' dir='ltr'>Partem</span> <span class='ocrx_word' id='word_1_16' title='bbox 483 603 682 665; x_wconf 90' lang='lat' dir='ltr'>denique</span> <span class='ocrx_word' id='word_1_17' title='bbox 707 605 832 651; x_wconf 86' lang='lat' dir='ltr'>Juris</span> <span class='ocrx_word' id='word_1_18' title='bbox 860 606 1054 663; x_wconf 90' lang='lat' dir='ltr'>hujusce</span> <span class='ocrx_word' id='word_1_19' title='bbox 1075 606 1354 665; x_wconf 77' lang='lat' dir='ltr'>MaJestatici</span> <span class='ocrx_word' id='word_1_20' title='bbox 1380 619 1575 667; x_wconf 82' lang='lat' dir='ltr'>prorsus</span> <span class='ocrx_word' id='word_1_21' title='bbox 1605 622 1725 654; x_wconf 90' lang='lat' dir='ltr'>con-</span> 
     </span>
     <span class='ocr_line' id='line_1_7' title="bbox 143 672 1725 737; baseline -0.003 -14"><span class='ocrx_word' id='word_1_22' title='bbox 143 676 345 737; x_wconf 87' lang='lat' dir='ltr'>spicuam</span> <span class='ocrx_word' id='word_1_23' title='bbox 382 672 683 717; x_wconf 78' lang='lat' dir='ltr'>Potestas</span> <span class='ocrx_word' id='word_1_24' title='bbox 731 672 921 732; x_wconf 81' lang='lat' dir='ltr'>Regis</span> <span class='ocrx_word' id='word_1_25' title='bbox 972 676 1324 719; x_wconf 76' lang='lat' dir='ltr'>coercitiva</span> <span class='ocrx_word' id='word_1_26' title='bbox 1364 675 1518 719; x_wconf 73' lang='lat' dir='ltr'>elficit.</span> <span class='ocrx_word' id='word_1_27' title='bbox 1574 674 1725 719; x_wconf 86' lang='lat' dir='ltr'>Nimi-</span> 
     </span>
     <span class='ocr_line' id='line_1_8' title="bbox 141 738 1721 801; baseline 0 -14"><span class='ocrx_word' id='word_1_28' title='bbox 141 757 265 797; x_wconf 60' lang='lat' dir='ltr'>rum„</span> <span class='ocrx_word' id='word_1_29' title='bbox 304 740 427 801; x_wconf 91' lang='lat' dir='ltr'>quod</span> <span class='ocrx_word' id='word_1_30' title='bbox 454 738 509 783; x_wconf 88' lang='lat' dir='ltr'>de</span> <span class='ocrx_word' id='word_1_31' title='bbox 536 739 834 798; x_wconf 81' lang='lat' dir='ltr'>legislatione</span> <span class='ocrx_word' id='word_1_32' title='bbox 862 740 985 784; x_wconf 89' lang='lat' dir='ltr'>civili</span> <span class='ocrx_word' id='word_1_33' title='bbox 1014 739 1181 786; x_wconf 88' lang='lat' dir='ltr'>dictum</span> <span class='ocrx_word' id='word_1_34' title='bbox 1209 740 1293 785; x_wconf 82' lang='lat' dir='ltr'>fuit</span> <span class='ocrx_word' id='word_1_35' title='bbox 1320 743 1415 785; x_wconf 88' lang='lat' dir='ltr'>suis</span> <span class='ocrx_word' id='word_1_36' title='bbox 1442 742 1577 789; x_wconf 68' lang='lat' dir='ltr'>locisq</span> <span class='ocrx_word' id='word_1_37' title='bbox 1602 741 1721 787; x_wconf 90' lang='lat' dir='ltr'>idem</span> 
     </span>
     <span class='ocr_line' id='line_1_9' title="bbox 141 806 1723 867; baseline 0 -13"><span class='ocrx_word' id='word_1_38' title='bbox 141 808 266 855; x_wconf 89' lang='lat' dir='ltr'>valet</span> <span class='ocrx_word' id='word_1_39' title='bbox 291 807 346 852; x_wconf 90' lang='lat' dir='ltr'>de</span> <span class='ocrx_word' id='word_1_40' title='bbox 372 806 671 865; x_wconf 78' lang='lat' dir='ltr'>legislatione</span> <span class='ocrx_word' id='word_1_41' title='bbox 698 806 936 851; x_wconf 89' lang='lat' dir='ltr'>criminali.</span> <span class='ocrx_word' id='word_1_42' title='bbox 960 807 1263 853; x_wconf 82' lang='lat' dir='ltr'>Perferuntur</span> <span class='ocrx_word' id='word_1_43' title='bbox 1290 809 1334 852; x_wconf 91' lang='lat' dir='ltr'>in</span> <span class='ocrx_word' id='word_1_44' title='bbox 1352 806 1563 852; x_wconf 87' lang='lat' dir='ltr'>Comitiis</span> <span class='ocrx_word' id='word_1_45' title='bbox 1590 809 1723 867; x_wconf 83' lang='lat' dir='ltr'>leges</span> 
     </span>
     <span class='ocr_line' id='line_1_10' title="bbox 140 873 1724 938; baseline -0.001 -17"><span class='ocrx_word' id='word_1_46' title='bbox 140 874 394 938; x_wconf 82' lang='lat' dir='ltr'>poenales;</span> <span class='ocrx_word' id='word_1_47' title='bbox 434 875 732 918; x_wconf 87' lang='lat' dir='ltr'>instituuntur</span> <span class='ocrx_word' id='word_1_48' title='bbox 769 873 978 930; x_wconf 77' lang='lat' dir='ltr'>Judicia3</span> <span class='ocrx_word' id='word_1_49' title='bbox 1028 874 1204 930; x_wconf 67' lang='lat' dir='ltr'>forma,</span> <span class='ocrx_word' id='word_1_50' title='bbox 1255 890 1310 919; x_wconf 97' lang='grc'>30</span> <span class='ocrx_word' id='word_1_51' title='bbox 1345 875 1508 919; x_wconf 88' lang='lat' dir='ltr'>modus</span> <span class='ocrx_word' id='word_1_52' title='bbox 1547 889 1724 934; x_wconf 87' lang='lat' dir='ltr'>proce-</span> 
     </span>
     <span class='ocr_line' id='line_1_11' title="bbox 144 939 1724 1001; baseline 0 -13"><span class='ocrx_word' id='word_1_53' title='bbox 144 942 280 988; x_wconf 88' lang='lat' dir='ltr'>dendi</span> <span class='ocrx_word' id='word_1_54' title='bbox 318 939 678 1001; x_wconf 57' lang='lat' dir='ltr'>praescribit-um</span> <span class='ocrx_word' id='word_1_55' title='bbox 717 940 988 1001; x_wconf 80' lang='lat' dir='ltr'>supplentur</span> <span class='ocrx_word' id='word_1_56' title='bbox 1027 941 1273 997; x_wconf 77' lang='lat' dir='ltr'>defectu53</span> <span class='ocrx_word' id='word_1_57' title='bbox 1313 947 1450 1001; x_wconf 89' lang='lat' dir='ltr'>atque</span> <span class='ocrx_word' id='word_1_58' title='bbox 1486 944 1645 998; x_wconf 67' lang='lat' dir='ltr'>noxia,</span> <span class='ocrx_word' id='word_1_59' title='bbox 1685 945 1724 988; x_wconf 88' lang='lat' dir='ltr'>si</span> 
     </span>
     <span class='ocr_line' id='line_1_12' title="bbox 144 1007 1726 1070; baseline 0.001 -17"><span class='ocrx_word' id='word_1_60' title='bbox 144 1023 262 1069; x_wconf 90' lang='lat' dir='ltr'>quae</span> <span class='ocrx_word' id='word_1_61' title='bbox 289 1010 605 1068; x_wconf 69' lang='lat' dir='ltr'>irrepserunt,</span> <span class='ocrx_word' id='word_1_62' title='bbox 643 1007 703 1052; x_wconf 90' lang='lat' dir='ltr'>ihi</span> <span class='ocrx_word' id='word_1_63' title='bbox 731 1007 1023 1053; x_wconf 86' lang='lat' dir='ltr'>sufferuntur.</span> <span class='ocrx_word' id='word_1_64' title='bbox 1062 1008 1163 1054; x_wconf 91' lang='lat' dir='ltr'>Hoc</span> <span class='ocrx_word' id='word_1_65' title='bbox 1198 1015 1400 1054; x_wconf 82' lang='lat' dir='ltr'>attamen</span> <span class='ocrx_word' id='word_1_66' title='bbox 1437 1008 1548 1054; x_wconf 88' lang='lat' dir='ltr'>nihil</span> <span class='ocrx_word' id='word_1_67' title='bbox 1573 1011 1726 1070; x_wconf 88' lang='lat' dir='ltr'>impe-</span> 
     </span>
     <span class='ocr_line' id='line_1_13' title="bbox 144 1075 1726 1135; baseline 0.001 -15"><span class='ocrx_word' id='word_1_68' title='bbox 144 1076 235 1129; x_wconf 72' lang='lat' dir='ltr'>dit,</span> <span class='ocrx_word' id='word_1_69' title='bbox 274 1076 517 1134; x_wconf 88' lang='lat' dir='ltr'>quominus</span> <span class='ocrx_word' id='word_1_70' title='bbox 544 1075 781 1134; x_wconf 89' lang='lat' dir='ltr'>proprium</span> <span class='ocrx_word' id='word_1_71' title='bbox 821 1089 921 1119; x_wconf 92' lang='lat' dir='ltr'>cum</span> <span class='ocrx_word' id='word_1_72' title='bbox 959 1075 1044 1120; x_wconf 93' lang='lat' dir='ltr'>hac</span> <span class='ocrx_word' id='word_1_73' title='bbox 1069 1082 1304 1135; x_wconf 87' lang='lat' dir='ltr'>potestate</span> <span class='ocrx_word' id='word_1_74' title='bbox 1342 1076 1640 1133; x_wconf 89' lang='lat' dir='ltr'>conjunctum</span> <span class='ocrx_word' id='word_1_75' title='bbox 1667 1079 1726 1121; x_wconf 86' lang='lat' dir='ltr'>sit</span> 
     </span>
     <span class='ocr_line' id='line_1_14' title="bbox 142 1140 1725 1202; baseline 0.001 -15"><span class='ocrx_word' id='word_1_76' title='bbox 142 1142 287 1199; x_wconf 85' lang='lat' dir='ltr'>Regis</span> <span class='ocrx_word' id='word_1_77' title='bbox 326 1140 569 1196; x_wconf 66' lang='lat' dir='ltr'>Officium„</span> <span class='ocrx_word' id='word_1_78' title='bbox 620 1148 669 1185; x_wconf 92' lang='lat' dir='ltr'>ut</span> <span class='ocrx_word' id='word_1_79' title='bbox 706 1141 906 1186; x_wconf 87' lang='lat' dir='ltr'>sollicite</span> <span class='ocrx_word' id='word_1_80' title='bbox 943 1142 1217 1202; x_wconf 67' lang='lat' dir='ltr'>provideat,</span> <span class='ocrx_word' id='word_1_81' title='bbox 1269 1157 1328 1186; x_wconf 92' lang='lat' dir='ltr'>ne</span> <span class='ocrx_word' id='word_1_82' title='bbox 1367 1149 1499 1202; x_wconf 90' lang='lat' dir='ltr'>parte</span> <span class='ocrx_word' id='word_1_83' title='bbox 1538 1143 1592 1188; x_wconf 92' lang='lat' dir='ltr'>ab</span> <span class='ocrx_word' id='word_1_84' title='bbox 1636 1159 1725 1189; x_wconf 88' lang='lat' dir='ltr'>una</span> 
     </span>
     <span class='ocr_line' id='line_1_15' title="bbox 144 1206 1725 1270; baseline 0.001 -16"><span class='ocrx_word' id='word_1_85' title='bbox 144 1208 310 1254; x_wconf 88' lang='lat' dir='ltr'>delicta</span> <span class='ocrx_word' id='word_1_86' title='bbox 338 1208 382 1250; x_wconf 93' lang='lat' dir='ltr'>in</span> <span class='ocrx_word' id='word_1_87' title='bbox 417 1206 583 1264; x_wconf 80' lang='lat' dir='ltr'>Regno</span> <span class='ocrx_word' id='word_1_88' title='bbox 622 1210 806 1268; x_wconf 89' lang='lat' dir='ltr'>impune</span> <span class='ocrx_word' id='word_1_89' title='bbox 833 1217 1136 1268; x_wconf 57' lang='lat' dir='ltr'>grassentur„</span> <span class='ocrx_word' id='word_1_90' title='bbox 1174 1215 1307 1270; x_wconf 90' lang='lat' dir='ltr'>parte</span> <span class='ocrx_word' id='word_1_91' title='bbox 1348 1224 1465 1255; x_wconf 91' lang='lat' dir='ltr'>vero</span> <span class='ocrx_word' id='word_1_92' title='bbox 1497 1210 1551 1255; x_wconf 87' lang='lat' dir='ltr'>ab</span> <span class='ocrx_word' id='word_1_93' title='bbox 1580 1211 1725 1255; x_wconf 88' lang='lat' dir='ltr'>altera</span> 
     </span>
     <span class='ocr_line' id='line_1_16' title="bbox 142 1275 1723 1335; baseline 0.002 -15"><span class='ocrx_word' id='word_1_94' title='bbox 142 1289 225 1320; x_wconf 89' lang='lat' dir='ltr'>seu</span> <span class='ocrx_word' id='word_1_95' title='bbox 264 1275 546 1329; x_wconf 62' lang='lat' dir='ltr'>severitate„</span> <span class='ocrx_word' id='word_1_96' title='bbox 586 1276 686 1319; x_wconf 88' lang='lat' dir='ltr'>sive</span> <span class='ocrx_word' id='word_1_97' title='bbox 723 1278 1076 1335; x_wconf 84' lang='lat' dir='ltr'>praecipitantia</span> <span class='ocrx_word' id='word_1_98' title='bbox 1105 1277 1333 1322; x_wconf 88' lang='lat' dir='ltr'>adversus</span> <span class='ocrx_word' id='word_1_99' title='bbox 1370 1283 1545 1322; x_wconf 88' lang='lat' dir='ltr'>rectam</span> <span class='ocrx_word' id='word_1_100' title='bbox 1571 1278 1723 1323; x_wconf 82' lang='lat' dir='ltr'>Justi—</span> 
     </span>
     <span class='ocr_line' id='line_1_17' title="bbox 140 1340 1265 1405; baseline 0 -18"><span class='ocrx_word' id='word_1_101' title='bbox 140 1343 231 1388; x_wconf 88' lang='lat' dir='ltr'>tiae</span> <span class='ocrx_word' id='word_1_102' title='bbox 257 1340 455 1387; x_wconf 81' lang='lat' dir='ltr'>vindicis</span> <span class='ocrx_word' id='word_1_103' title='bbox 482 1340 928 1387; x_wconf 86' lang='lat' dir='ltr'>administrationem</span> <span class='ocrx_word' id='word_1_104' title='bbox 958 1343 1265 1405; x_wconf 83' lang='lat' dir='ltr'>delinquatur.</span> 
     </span>
    </p>
   </div>
   <div class='ocr_carea' id='block_1_5' title="bbox 723 1491 1176 1649">
    <p class='ocr_par' dir='ltr' id='par_1_5' title="bbox 723 1491 1176 1649">
     <span class='ocr_line' id='line_1_18' title="bbox 836 1491 1037 1546; baseline -0.005 -10"><span class='ocrx_word' id='word_1_105' title='bbox 836 1491 884 1546; x_wconf 53' lang='grc' dir='ltr'>ὃ.</span> <span class='ocrx_word' id='word_1_106' title='bbox 925 1492 1037 1538; x_wconf 82' lang='grc'>438.</span> 
     </span>
     <span class='ocr_line' id='line_1_19' title="bbox 723 1592 1176 1649; baseline -0.002 -12"><span class='ocrx_word' id='word_1_107' title='bbox 723 1592 853 1649; x_wconf 72' lang='lat' dir='ltr'>Reffl‘</span> <span class='ocrx_word' id='word_1_108' title='bbox 874 1601 1141 1637; x_wconf 73' lang='lat' dir='ltr'>reservata.</span> <span class='ocrx_word' id='word_1_109' title='bbox 1170 1592 1176 1630; x_wconf 79' lang='lat'>³·</span> 
     </span>
    </p>
   </div>
   <div class='ocr_carea' id='block_1_6' title="bbox 138 1688 1725 2222">
    <p class='ocr_par' dir='ltr' id='par_1_6' title="bbox 138 1688 1725 2222">
     <span class='ocr_line' id='line_1_20' title="bbox 272 1688 1725 1749; baseline 0.002 -16"><span class='ocrx_word' id='word_1_110' title='bbox 272 1688 425 1743; x_wconf 88' lang='lat' dir='ltr'>Quare</span> <span class='ocrx_word' id='word_1_111' title='bbox 469 1696 515 1734; x_wconf 90' lang='lat' dir='ltr'>et</span> <span class='ocrx_word' id='word_1_112' title='bbox 554 1702 829 1749; x_wconf 83' lang='lat' dir='ltr'>processum</span> <span class='ocrx_word' id='word_1_113' title='bbox 854 1704 948 1735; x_wconf 91' lang='lat' dir='ltr'>non</span> <span class='ocrx_word' id='word_1_114' title='bbox 975 1695 1165 1735; x_wconf 89' lang='lat' dir='ltr'>servato</span> <span class='ocrx_word' id='word_1_115' title='bbox 1202 1690 1326 1734; x_wconf 88' lang='lat' dir='ltr'>Juris</span> <span class='ocrx_word' id='word_1_116' title='bbox 1354 1688 1526 1736; x_wconf 87' lang='lat' dir='ltr'>Ordine</span> <span class='ocrx_word' id='word_1_117' title='bbox 1555 1689 1725 1736; x_wconf 84' lang='lat' dir='ltr'>defini-</span> 
     </span>
     <span class='ocr_line' id='line_1_21' title="bbox 138 1756 1724 1813; baseline 0.001 -12"><span class='ocrx_word' id='word_1_118' title='bbox 138 1763 228 1801; x_wconf 90' lang='lat' dir='ltr'>tum</span> <span class='ocrx_word' id='word_1_119' title='bbox 256 1756 446 1801; x_wconf 88' lang='lat' dir='ltr'>abolere</span> <span class='ocrx_word' id='word_1_120' title='bbox 466 1789 478 1811; x_wconf 56' lang='lat' dir='ltr'>a</span> <span class='ocrx_word' id='word_1_121' title='bbox 518 1764 563 1801; x_wconf 89' lang='lat' dir='ltr'>et</span> <span class='ocrx_word' id='word_1_122' title='bbox 605 1758 917 1801; x_wconf 82' lang='lat' dir='ltr'>innocentiam</span> <span class='ocrx_word' id='word_1_123' title='bbox 944 1756 1061 1801; x_wconf 90' lang='lat' dir='ltr'>ultra</span> <span class='ocrx_word' id='word_1_124' title='bbox 1091 1756 1412 1802; x_wconf 86' lang='lat' dir='ltr'>demonstrare</span> <span class='ocrx_word' id='word_1_125' title='bbox 1440 1757 1724 1813; x_wconf 64' lang='lat' dir='ltr'>volentibus,</span> 
     </span>
     <span class='ocr_line' id='line_1_22' title="bbox 138 1823 1723 1884; baseline 0.002 -17"><span class='ocrx_word' id='word_1_126' title='bbox 138 1823 230 1869; x_wconf 93' lang='lat' dir='ltr'>litis</span> <span class='ocrx_word' id='word_1_127' title='bbox 259 1838 371 1868; x_wconf 88' lang='lat' dir='ltr'>suae</span> <span class='ocrx_word' id='word_1_128' title='bbox 399 1825 788 1868; x_wconf 86' lang='lat' dir='ltr'>reassumtionem</span> <span class='ocrx_word' id='word_1_129' title='bbox 815 1823 1031 1868; x_wconf 90' lang='lat' dir='ltr'>ordinare</span> <span class='ocrx_word' id='word_1_130' title='bbox 1049 1858 1061 1875; x_wconf 35' lang='grc' dir='ltr'>ἢ</span> <span class='ocrx_word' id='word_1_131' title='bbox 1091 1823 1349 1883; x_wconf 87' lang='lat' dir='ltr'>famamque</span> <span class='ocrx_word' id='word_1_132' title='bbox 1379 1824 1611 1884; x_wconf 88' lang='lat' dir='ltr'>inculpato</span> <span class='ocrx_word' id='word_1_133' title='bbox 1639 1840 1723 1870; x_wconf 89' lang='lat' dir='ltr'>re-</span> 
     </span>
     <span class='ocr_line' id='line_1_23' title="bbox 138 1893 1724 1952; baseline 0.001 -16"><span class='ocrx_word' id='word_1_134' title='bbox 138 1893 364 1945; x_wconf 66' lang='lat' dir='ltr'>stituere,</span> <span class='ocrx_word' id='word_1_135' title='bbox 406 1896 451 1935; x_wconf 89' lang='lat' dir='ltr'>et</span> <span class='ocrx_word' id='word_1_136' title='bbox 486 1893 752 1950; x_wconf 86' lang='lat' dir='ltr'>quarumvis</span> <span class='ocrx_word' id='word_1_137' title='bbox 791 1893 1122 1936; x_wconf 88' lang='lat' dir='ltr'>sententiarum</span> <span class='ocrx_word' id='word_1_138' title='bbox 1163 1893 1490 1936; x_wconf 80' lang='lat' dir='ltr'>executionem</span> <span class='ocrx_word' id='word_1_139' title='bbox 1518 1906 1724 1952; x_wconf 87' lang='lat' dir='ltr'>suspen—</span> 
     </span>
     <span class='ocr_line' id='line_1_24' title="bbox 139 1957 1723 2018; baseline 0.001 -16"><span class='ocrx_word' id='word_1_140' title='bbox 139 1958 278 2014; x_wconf 58' lang='lat' dir='ltr'>(lere7</span> <span class='ocrx_word' id='word_1_141' title='bbox 318 1957 436 2017; x_wconf 78' lang='lat' dir='ltr'>Regi</span> <span class='ocrx_word' id='word_1_142' title='bbox 478 1972 662 2018; x_wconf 85' lang='lat' dir='ltr'>semper</span> <span class='ocrx_word' id='word_1_143' title='bbox 689 1960 777 2002; x_wconf 87' lang='lat' dir='ltr'>erit</span> <span class='ocrx_word' id='word_1_144' title='bbox 815 1960 1058 2017; x_wconf 81' lang='lat' dir='ltr'>integrum.</span> <span class='ocrx_word' id='word_1_145' title='bbox 1110 1959 1312 2003; x_wconf 90' lang='lat' dir='ltr'>Poenam</span> <span class='ocrx_word' id='word_1_146' title='bbox 1348 1966 1499 2004; x_wconf 88' lang='lat' dir='ltr'>tamen</span> <span class='ocrx_word' id='word_1_147' title='bbox 1538 1962 1723 2004; x_wconf 86' lang='lat' dir='ltr'>minime</span> 
     </span>
     <span class='ocr_line' id='line_1_25' title="bbox 139 2023 1724 2088; baseline 0.002 -20"><span class='ocrx_word' id='word_1_148' title='bbox 139 2031 417 2085; x_wconf 70' lang='lat' dir='ltr'>exasperat,</span> <span class='ocrx_word' id='word_1_149' title='bbox 458 2025 578 2085; x_wconf 88' lang='lat' dir='ltr'>quod</span> <span class='ocrx_word' id='word_1_150' title='bbox 608 2025 781 2082; x_wconf 63' lang='lat' dir='ltr'>facere„</span> <span class='ocrx_word' id='word_1_151' title='bbox 811 2027 994 2071; x_wconf 90' lang='lat' dir='ltr'>tametsi</span> <span class='ocrx_word' id='word_1_152' title='bbox 1023 2040 1219 2087; x_wconf 89' lang='lat' dir='ltr'>aequum</span> <span class='ocrx_word' id='word_1_153' title='bbox 1245 2026 1396 2071; x_wconf 87' lang='lat' dir='ltr'>videri</span> <span class='ocrx_word' id='word_1_154' title='bbox 1422 2023 1602 2088; x_wconf 62' lang='lat' dir='ltr'>posset,</span> <span class='ocrx_word' id='word_1_155' title='bbox 1628 2027 1724 2072; x_wconf 90' lang='lat' dir='ltr'>Im-</span> 
     </span>
     <span class='ocr_line' id='line_1_26' title="bbox 139 2092 1718 2155; baseline 0.003 -20"><span class='ocrx_word' id='word_1_156' title='bbox 139 2095 318 2151; x_wconf 89' lang='lat' dir='ltr'>peranti</span> <span class='ocrx_word' id='word_1_157' title='bbox 358 2092 652 2137; x_wconf 89' lang='lat' dir='ltr'>nihilominus</span> <span class='ocrx_word' id='word_1_158' title='bbox 678 2095 828 2138; x_wconf 91' lang='lat' dir='ltr'>vitare</span> <span class='ocrx_word' id='word_1_159' title='bbox 857 2095 1166 2142; x_wconf 66' lang='lat' dir='ltr'>conveniret„</span> <span class='ocrx_word' id='word_1_160' title='bbox 1204 2108 1262 2139; x_wconf 89' lang='lat' dir='ltr'>ne</span> <span class='ocrx_word' id='word_1_161' title='bbox 1302 2095 1380 2139; x_wconf 92' lang='lat' dir='ltr'>vel</span> <span class='ocrx_word' id='word_1_162' title='bbox 1407 2096 1453 2138; x_wconf 89' lang='lat' dir='ltr'>in</span> <span class='ocrx_word' id='word_1_163' title='bbox 1480 2096 1718 2155; x_wconf 87' lang='lat' dir='ltr'>suspicio-</span> 
     </span>
     <span class='ocr_line' id='line_1_27' title="bbox 140 2160 1610 2222; baseline 0.002 -18"><span class='ocrx_word' id='word_1_164' title='bbox 140 2172 244 2204; x_wconf 90' lang='lat' dir='ltr'>nem</span> <span class='ocrx_word' id='word_1_165' title='bbox 268 2161 428 2204; x_wconf 90' lang='lat' dir='ltr'>veniat</span> <span class='ocrx_word' id='word_1_166' title='bbox 452 2161 734 2218; x_wconf 72' lang='lat' dir='ltr'>immeritae,</span> <span class='ocrx_word' id='word_1_167' title='bbox 774 2175 827 2206; x_wconf 91' lang='lat' dir='ltr'>ac</span> <span class='ocrx_word' id='word_1_168' title='bbox 853 2160 944 2206; x_wconf 91' lang='lat' dir='ltr'>hoc</span> <span class='ocrx_word' id='word_1_169' title='bbox 969 2163 1072 2222; x_wconf 89' lang='lat' dir='ltr'>ipso</span> <span class='ocrx_word' id='word_1_170' title='bbox 1099 2162 1300 2219; x_wconf 89' lang='lat' dir='ltr'>injustae</span> <span class='ocrx_word' id='word_1_171' title='bbox 1329 2163 1610 2207; x_wconf 86' lang='lat' dir='ltr'>severitatis.</span> 
     </span>
    </p>
   </div>
   <div class='ocr_carea' id='block_1_7' title="bbox 612 2309 1235 2467">
    <p class='ocr_par' dir='ltr' id='par_1_7' title="bbox 612 2309 1235 2467">
     <span class='ocr_line' id='line_1_28' title="bbox 827 2309 1025 2364; baseline -0.005 -8"><span class='ocrx_word' id='word_1_172' title='bbox 827 2309 873 2364; x_wconf 62' lang='grc' dir='ltr'>ὃ.</span> <span class='ocrx_word' id='word_1_173' title='bbox 914 2311 1025 2357; x_wconf 85' lang='grc'>439.</span> 
     </span>
     <span class='ocr_line' id='line_1_29' title="bbox 612 2407 1235 2467; baseline 0.006 -15"><span class='ocrx_word' id='word_1_174' title='bbox 612 2407 700 2453; x_wconf 69' lang='lat' dir='ltr'>Jus</span> <span class='ocrx_word' id='word_1_175' title='bbox 726 2421 924 2467; x_wconf 79' lang='lat' dir='ltr'>quoque</span> <span class='ocrx_word' id='word_1_176' title='bbox 947 2411 1235 2457; x_wconf 72' lang='lat' dir='ltr'>Statariam.</span> 
     </span>
    </p>
   </div>
   <div class='ocr_carea' id='block_1_8' title="bbox 135 2504 1719 2911">
    <p class='ocr_par' dir='ltr' id='par_1_8' title="bbox 135 2504 1719 2911">
     <span class='ocr_line' id='line_1_30' title="bbox 272 2504 1715 2569; baseline 0.003 -20"><span class='ocrx_word' id='word_1_177' title='bbox 272 2504 398 2550; x_wconf 89' lang='lat' dir='ltr'>Inter</span> <span class='ocrx_word' id='word_1_178' title='bbox 423 2504 532 2550; x_wconf 90' lang='lat' dir='ltr'>Jura</span> <span class='ocrx_word' id='word_1_179' title='bbox 559 2504 648 2551; x_wconf 90' lang='lat' dir='ltr'>huc</span> <span class='ocrx_word' id='word_1_180' title='bbox 674 2508 948 2566; x_wconf 65' lang='lat' dir='ltr'>spectantia,</span> <span class='ocrx_word' id='word_1_181' title='bbox 977 2521 1094 2568; x_wconf 89' lang='lat' dir='ltr'>quae</span> <span class='ocrx_word' id='word_1_182' title='bbox 1112 2508 1345 2567; x_wconf 76' lang='lat' dir='ltr'>MaJestati</span> <span class='ocrx_word' id='word_1_183' title='bbox 1366 2509 1544 2569; x_wconf 82' lang='lat' dir='ltr'>Regiae</span> <span class='ocrx_word' id='word_1_184' title='bbox 1572 2509 1715 2568; x_wconf 61' lang='lat' dir='ltr'>longo</span> 
     </span>
     <span class='ocr_line' id='line_1_31' title="bbox 140 2573 1719 2638; baseline 0.003 -21"><span class='ocrx_word' id='word_1_185' title='bbox 140 2587 251 2621; x_wconf 65' lang='lat' dir='ltr'>usu„</span> <span class='ocrx_word' id='word_1_186' title='bbox 290 2580 427 2633; x_wconf 88' lang='lat' dir='ltr'>atque</span> <span class='ocrx_word' id='word_1_187' title='bbox 460 2573 799 2619; x_wconf 88' lang='lat' dir='ltr'>consvetudine</span> <span class='ocrx_word' id='word_1_188' title='bbox 835 2581 1061 2635; x_wconf 88' lang='lat' dir='ltr'>tamquam</span> <span class='ocrx_word' id='word_1_189' title='bbox 1089 2590 1305 2638; x_wconf 88' lang='lat' dir='ltr'>supremo</span> <span class='ocrx_word' id='word_1_190' title='bbox 1343 2577 1600 2622; x_wconf 85' lang='lat' dir='ltr'>Justitiario</span> <span class='ocrx_word' id='word_1_191' title='bbox 1629 2592 1719 2636; x_wconf 88' lang='lat' dir='ltr'>pe-</span> 
     </span>
     <span class='ocr_line' id='line_1_32' title="bbox 138 2640 1718 2703; baseline 0.001 -18"><span class='ocrx_word' id='word_1_192' title='bbox 138 2640 372 2685; x_wconf 81' lang='lat' dir='ltr'>cuIIariter</span> <span class='ocrx_word' id='word_1_193' title='bbox 399 2640 649 2686; x_wconf 88' lang='lat' dir='ltr'>adhaerent</span> <span class='ocrx_word' id='word_1_194' title='bbox 667 2675 679 2697; x_wconf 61' lang='lat'><strong>7</strong></span> <span class='ocrx_word' id='word_1_195' title='bbox 708 2642 868 2688; x_wconf 84' lang='lat' dir='ltr'>salutis</span> <span class='ocrx_word' id='word_1_196' title='bbox 895 2642 1107 2703; x_wconf 90' lang='lat' dir='ltr'>publicae</span> <span class='ocrx_word' id='word_1_197' title='bbox 1136 2643 1397 2691; x_wconf 89' lang='lat' dir='ltr'>servandae</span> <span class='ocrx_word' id='word_1_198' title='bbox 1423 2647 1540 2690; x_wconf 89' lang='lat' dir='ltr'>ratio</span> <span class='ocrx_word' id='word_1_199' title='bbox 1572 2658 1718 2688; x_wconf 82' lang='lat' dir='ltr'>exer-</span> 
     </span>
     <span class='ocr_line' id='line_1_33' title="bbox 137 2707 1719 2767; baseline 0.001 -14"><span class='ocrx_word' id='word_1_200' title='bbox 137 2709 289 2753; x_wconf 86' lang='lat' dir='ltr'>citium</span> <span class='ocrx_word' id='word_1_201' title='bbox 341 2707 410 2753; x_wconf 89' lang='lat' dir='ltr'>Ju</span> <span class='ocrx_word' id='word_1_202' title='bbox 429 2711 515 2753; x_wconf 88' lang='lat' dir='ltr'>ris</span> <span class='ocrx_word' id='word_1_203' title='bbox 554 2709 829 2754; x_wconf 87' lang='lat' dir='ltr'>Statarii</span> <span class='ocrx_word' id='word_1_204' title='bbox 880 2713 1150 2757; x_wconf 86' lang='lat' dir='ltr'>necessario</span> <span class='ocrx_word' id='word_1_205' title='bbox 1203 2712 1485 2767; x_wconf 77' lang='lat' dir='ltr'>collocavit3</span> <span class='ocrx_word' id='word_1_206' title='bbox 1538 2726 1638 2756; x_wconf 86' lang='lat' dir='ltr'>nam</span> <span class='ocrx_word' id='word_1_207' title='bbox 1681 2712 1719 2755; x_wconf 83' lang='lat' dir='ltr'>si</span> 
     </span>
     <span class='ocr_line' id='line_1_34' title="bbox 137 2775 1718 2840; baseline 0.002 -20"><span class='ocrx_word' id='word_1_208' title='bbox 137 2777 324 2820; x_wconf 89' lang='lat' dir='ltr'>crimina</span> <span class='ocrx_word' id='word_1_209' title='bbox 353 2775 575 2836; x_wconf 85' lang='lat' dir='ltr'>quaedam</span> <span class='ocrx_word' id='word_1_210' title='bbox 601 2776 716 2822; x_wconf 88' lang='lat' dir='ltr'>adeo</span> <span class='ocrx_word' id='word_1_211' title='bbox 747 2777 1007 2838; x_wconf 87' lang='lat' dir='ltr'>frequentia</span> <span class='ocrx_word' id='word_1_212' title='bbox 1037 2779 1236 2826; x_wconf 82' lang='lat' dir='ltr'>evadant</span> <span class='ocrx_word' id='word_1_213' title='bbox 1267 2782 1369 2827; x_wconf 86' lang='lat' dir='ltr'>sive</span> <span class='ocrx_word' id='word_1_214' title='bbox 1395 2794 1480 2840; x_wconf 85' lang='lat' dir='ltr'>per</span> <span class='ocrx_word' id='word_1_215' title='bbox 1505 2778 1718 2838; x_wconf 83' lang='lat' dir='ltr'>Regnum</span> 
     </span>
     <span class='ocr_line' id='line_1_35' title="bbox 135 2844 1713 2911; baseline 0.002 -22"><span class='ocrx_word' id='word_1_216' title='bbox 135 2844 429 2904; x_wconf 72' lang='lat' dir='ltr'>universum,</span> <span class='ocrx_word' id='word_1_217' title='bbox 468 2845 569 2892; x_wconf 85' lang='lat' dir='ltr'>sive</span> <span class='ocrx_word' id='word_1_218' title='bbox 607 2844 723 2904; x_wconf 76' lang='lat' dir='ltr'>hac,</span> <span class='ocrx_word' id='word_1_219' title='bbox 761 2845 901 2893; x_wconf 89' lang='lat' dir='ltr'>illave</span> <span class='ocrx_word' id='word_1_220' title='bbox 942 2848 1012 2894; x_wconf 88' lang='lat' dir='ltr'>sui</span> <span class='ocrx_word' id='word_1_221' title='bbox 1051 2854 1218 2911; x_wconf 71' lang='lat' dir='ltr'>parte,</span> <span class='ocrx_word' id='word_1_222' title='bbox 1257 2853 1307 2894; x_wconf 91' lang='lat' dir='ltr'>ut</span> <span class='ocrx_word' id='word_1_223' title='bbox 1341 2846 1497 2894; x_wconf 88' lang='lat' dir='ltr'>veloci</span> <span class='ocrx_word' id='word_1_224' title='bbox 1529 2860 1713 2909; x_wconf 87' lang='lat' dir='ltr'>poenae</span> 
     </span>
    </p>
   </div>
  </div>
 </body>
</html>
