1941 3143
1673 115 1732 161 13

160 249 245 297 que
285 239 526 280 numerant
567 232 625 290 ἐ·).
677 230 814 276 Bul]
834 246 912 276 am
963 241 1245 285 auream,
1297 226 1588 286 Sigillum
1640 225 1738 271 du-

158 303 331 364 plex,
370 301 712 346 Secretum,
740 298 1083 355 Judiciale,
1124 302 1170 342 et
1195 293 1516 340 Annulare.
1547 292 1738 348 Quando

156 383 301 424 vero,
340 374 416 412 aut
455 367 616 427 qulbus
660 369 704 411 in
740 368 942 425 negotiis
979 364 1160 425 singula
1204 361 1524 407 obtinuerint?
1564 375 1624 406 ex
1649 374 1736 405 usu

161 439 228 482 sui
257 438 476 495 temporis
504 434 726 479 Nicolaus
753 432 1022 493 Istvansyus
1040 468 1051 489 ‚
1088 433 1161 478 vir
1190 432 1233 474 in
1259 428 1514 490 Republica
1547 428 1739 473 exerci-

160 504 406 550 tatissimus
430 537 441 558 ,
499 500 697 562 epistola
758 501 813 545 ad
872 500 1016 545 Archi
1040 526 1069 533 -
1093 499 1372 560 Episcopum
1432 496 1737 541 Peizmannum

161 572 327 631 scripta
346 603 358 627 ,
396 583 507 629 prae
537 569 638 614 aliis
667 568 942 629 explicatius
970 567 1126 613 docuit
1166 564 1225 621 b).

884 736 893 745 .
935 702 1045 748 336.

557 785 657 832 Sub
683 701 876 830 Bulla?
887 785 1086 830 Aureae
1111 788 1322 829 nomine.

294 885 451 930 Aurea
475 882 603 928 Bulla
622 917 634 940 ,
674 882 806 941 cujus
835 882 1200 942 antiquissimum
1235 880 1450 926 1011101100
1476 880 1522 925 10
1550 877 1736 924 Litteris

168 954 336 999 Geisae
374 951 428 996 ΙΙ.
470 950 694 995 hactenus
744 948 1131 1010 deprehendimus
1175 948 1245 1006 ⁰),
1300 963 1360 993 ex
1399 961 1512 992 auro
1569 945 1739 1002 solido,

165 1019 440 1080 quandoque
468 1032 492 1062 e
518 1017 713 1063 lamellis
742 1031 858 1062 cavo
887 1018 1137 1062 introrsum
1165 1017 1314 1077 spatio
1344 1014 1577 1071 confecta,
1617 1027 1740 1073 quo-

162 1089 234 1131 vis
264 1094 470 1145 tempore
498 1083 793 1144 gravioribus
820 1090 993 1129 tantum
1018 1085 1171 1143 magni
1197 1086 1416 1128 momenti
1442 1082 1624 1143 paginis
1652 1095 1740 1141 ap-

159 1152 475 1213 pendebatur3
515 1152 675 1211 quales
703 1154 749 1196 in
775 1152 988 1211 exemplo
1016 1157 1205 1211 praeter
1240 1157 1378 1196 vetus
1404 1149 1514 1196 illud
1541 1148 1738 1193 liberta-

160 1225 252 1263 tum
277 1217 527 1263 Palladium
557 1218 738 1275 (XVII)
767 1218 901 1262 fuere
920 1252 932 1274 ,
971 1217 1134 1278 quibus
1159 1217 1272 1262 Bela
1298 1216 1376 1262 IV.
1413 1216 1742 1276 homonymum

161 1286 355 1332 Gnatum
398 1287 537 1328 totius
579 1284 891 1339 Sclavoniae3
931 1284 1195 1330 Ludovicus
1236 1284 1269 1329 I.
1299 1284 1581 1345 Stephanum
1624 1296 1741 1342 ger—

160 1366 341 1398 manum
376 1365 505 1396 suum
540 1351 892 1397 Transilvaniae
926 1351 1112 1407 Duces;
1150 1351 1346 1397 Mathias
1388 1351 1620 1397 Corvinus
1649 1348 1740 1394 Ni-

162 1420 341 1465 colaum
377 1417 431 1463 ab
469 1417 605 1475 Ujlak
638 1418 841 1464 Bosniae
877 1416 1055 1477 Regem
1095 1421 1274 1464 creavit
1315 1416 1374 1476 ἃ).
1428 1417 1606 1474 Hodie,
1646 1418 1735 1461 imo

160 1495 391 1546 utcunque
431 1501 455 1530 a
496 1493 704 1546 tempore
746 1484 1003 1544 Regiminis
1047 1485 1222 1531 Domus
1257 1486 1565 1539 Austriacae,
1611 1483 1741 1528 Bulla

161 1569 301 1599 aurea
339 1554 577 1614 Principes
617 1554 767 1599 nostri
820 1554 980 1598 stricte
1021 1552 1286 1613 Hungariae
1325 1555 1513 1614 propria
1546 1549 1600 1609 ὕ)
1650 1564 1742 1596 11011

163 1622 355 1683 amplius
381 1627 585 1666 utuntur.

217 1697 268 1750 '‘)
300 1696 483 1737 Alterius
515 1697 620 1734 enim
662 1696 823 1747 generis
867 1695 939 1734 illa
969 1694 1068 1744 fuit,
1116 1709 1194 1746 qua
1237 1695 1477 1746 Leopoldus
1508 1695 1540 1734 Ι.
1576 1694 1744 1735 Confir-

273 1754 470 1792 matorias
502 1765 628 1803 super
659 1752 914 1791 Fundatione
945 1752 1150 1791 Benedicti
1180 1752 1317 1804 Kisdy
1339 1751 1536 1802 Episcopi
1562 1752 1745 1803 Agrien-

276 1811 335 1849 sis
367 1822 442 1860 pro
484 1809 678 1860 erigendo
724 1807 908 1860 Collegio
950 1809 1166 1847 Societatis
1207 1807 1312 1848 Jesu
1354 1807 1625 1848 Cassoviensi
1655 1821 1746 1848 cum

276 1866 432 1916 60‚000
476 1865 668 1914 florenis,
713 1865 833 1910 titulo
874 1871 1094 1916 perpetuae
1126 1864 1234 1904 dotis
1275 1864 1406 1914 facta,
1447 1866 1503 1905 A⁰
1527 1863 1648 1905 1660.
1681 1865 1746 1904 die

274 1924 315 1963 7.
347 1922 526 1974 Augusti
560 1921 723 1960 ornavit
743 1922 808 1974 c)3
843 1921 983 1972 prouti
1016 1935 1035 1961 e
1069 1921 1253 1973 sequenti
1284 1921 1547 1962 conclusione
1578 1921 1746 1973 colligi-

275 1986 364 2019 tur:
399 1978 584 2028 „Harum
611 1978 857 2018 Nostrarum
882 1991 1026 2017 manus
1048 1978 1226 2018 Nostrae
1258 1978 1580 2030 subscriptione,
1612 1977 1745 2030 Sigil-

278 2036 437 2087 „lisque
474 2041 555 2074 tam
586 2034 770 2074 Bullae
811 2036 1036 2085 Aureae,
1079 2048 1157 2087 quo
1188 2040 1233 2074 ut
1262 2035 1616 2075 Romanorum
1648 2035 1745 2075 Im-

279 2097 550 2143 „perator,
593 2092 923 2143 secretique,
972 2104 1048 2143 quo
1093 2098 1138 2132 ut
1179 2092 1266 2131 Rex
1305 2091 1547 2144 Hungariae
1579 2092 1747 2141 utimur,

278 2148 556 2198 „appensione
588 2149 786 2187 munitum
817 2148 982 2201 vigore,
1023 2154 1060 2187 et
1090 2148 1326 2188 testimonio
1357 2149 1639 2189 Litterarum“
1671 2154 1747 2189 etc.

277 2203 368 2242 Atia
407 2204 525 2242 etiam
567 2204 681 2243 Bulla
723 2207 862 2244 Aurea
901 2206 1127 2257 insignitur
1170 2205 1365 2256 Diploma
1411 2204 1615 2246 Caesareo
1653 2206 1742 2245 Re-

279 2261 388 2310 gium
409 2260 460 2310 f),
493 2262 598 2311 quod
629 2261 964 2301 Transilvaniam
996 2262 1037 2301 in
1069 2262 1262 2315 Magnum
1293 2261 1572 2313 Principatum
1598 2262 1744 2310 evexit,

277 2323 394 2367 atque
427 2317 467 2355 in
498 2317 594 2356 haec
636 2318 760 2357 verba
800 2318 954 2357 desinit
984 2319 1075 2367 „Ad
1113 2317 1233 2372 cujus
1277 2319 1338 2358 rei
1369 2319 1674 2367 testimonium,
1706 2323 1745 2358 et

276 2379 539 2423 „perpetuam
563 2375 798 2413 memoriam
825 2387 1021 2426 praesens
1049 2376 1243 2427 Diploma
1260 2376 1447 2415 dedimus
1475 2376 1614 2416 Aurea
1628 2375 1745 2414 Bulla

275 2428 537 2484 „najestatis
569 2431 755 2484 Typario
788 2432 1051 2484 insignitum,
1093 2433 1368 2485 propriaeque
1398 2445 1545 2472 manus
1578 2437 1745 2473 nostrae

206 2529 238 2569 ²)
264 2531 364 2565 1471.
392 2534 422 2566 8.

206 2588 237 2627 b)
268 2590 318 2621 Ex
349 2590 415 2622 ista
447 2591 563 2623 locum
594 2592 662 2623 hue
687 2590 921 2632 pertinentem
958 2592 1109 2625 inseruit
1133 2594 1225 2635 Pray
1255 2594 1318 2637 Op.
1346 2595 1404 2629 cit.
1442 2594 1484 2627 de
1519 2591 1635 2633 Sigill.
1659 2591 1745 2632 Reg.

267 2637 384 2679 Hung.
409 2638 445 2668 L.
471 2638 502 2668 2.
527 2638 562 2669 (3,
587 2638 618 2670 3.
642 2647 670 2678 p.
694 2638 747 2670 73.

211 2694 241 2727 ⁰)
268 2694 321 2726 De
345 2696 445 2726 Anno
468 2694 568 2725 1156.
590 2695 694 2734 cujus
715 2695 806 2734 Pray
828 2695 906 2727 eod.
930 2695 963 2727 in
986 2704 1094 2737 opere
1114 2696 1274 2729 meminit
1294 2706 1327 2739 p.
1348 2696 1401 2730 31.

205 2748 237 2782 ¹¹)
266 2750 422 2783 Consule
446 2752 537 2792 Pray
559 2761 668 2793 opere
691 2756 752 2784 tot.
773 2753 830 2785 cit.
858 2763 890 2794 p.
919 2754 974 2786 76.

205 2810 236 2843 ··)
264 2808 357 2849 Orig.
378 2812 494 2840 exstat
512 2810 604 2842 inter
628 2812 718 2842 Acta
741 2810 904 2850 ejnisdeni
929 2811 1077 2853 Collegit
1099 2811 1235 2846 aboliti.

206 2864 213 2885 ¹
232 2868 246 2902 )
274 2865 521 2900 conservatur
542 2867 763 2910 Claudlopoli
786 2869 819 2901 in
843 2869 999 2901 Archivo
1021 2869 1197 2903 Gubernii
1214 2868 1444 2902 Transilvan.
