<?xml version="1.0" encoding="UTF-8"?>
<!DOCTYPE html PUBLIC "-//W3C//DTD XHTML 1.0 Transitional//EN"
    "http://www.w3.org/TR/xhtml1/DTD/xhtml1-transitional.dtd">
<html xmlns="http://www.w3.org/1999/xhtml" xml:lang="en" lang="en">
 <head>
  <title>
</title>
<meta http-equiv="Content-Type" content="text/html;charset=utf-8" />
  <meta name='ocr-system' content='tesseract 3.04.00' />
  <meta name='ocr-capabilities' content='ocr_page ocr_carea ocr_par ocr_line ocrx_word'/>
</head>
<body>
  <div class='ocr_page' id='page_1' title='image "./conspectusjurisp00czir_0329.png"; bbox 0 0 1941 3143; ppageno 0'>
   <div class='ocr_carea' id='block_1_1' title="bbox 1662 98 1724 147">
    <p class='ocr_par' dir='ltr' id='par_1_1' title="bbox 1662 98 1724 147">
     <span class='ocr_line' id='line_1_1' title="bbox 1662 98 1724 147; baseline 0.016 -1"><span class='ocrx_word' id='word_1_1' title='bbox 1662 98 1724 147; x_wconf 87' lang='lat'>55</span> 
     </span>
    </p>
   </div>
   <div class='ocr_carea' id='block_1_2' title="bbox 150 208 1726 539">
    <p class='ocr_par' dir='ltr' id='par_1_2' title="bbox 150 208 1726 539">
     <span class='ocr_line' id='line_1_2' title="bbox 151 208 1725 271; baseline -0.003 -12"><span class='ocrx_word' id='word_1_2' title='bbox 151 212 250 259; x_wconf 87' lang='lat' dir='ltr'>istis</span> <span class='ocrx_word' id='word_1_3' title='bbox 276 224 364 271; x_wconf 90' lang='lat' dir='ltr'>ego</span> <span class='ocrx_word' id='word_1_4' title='bbox 393 209 513 256; x_wconf 87' lang='lat' dir='ltr'>facta</span> <span class='ocrx_word' id='word_1_5' title='bbox 537 224 723 271; x_wconf 90' lang='lat' dir='ltr'>oppono</span> <span class='ocrx_word' id='word_1_6' title='bbox 753 211 1092 271; x_wconf 83' lang='lat' dir='ltr'>insequentium</span> <span class='ocrx_word' id='word_1_7' title='bbox 1108 208 1516 267; x_wconf 73' lang='lat' dir='ltr'>Comitioriim,11bi</span> <span class='ocrx_word' id='word_1_8' title='bbox 1544 224 1725 256; x_wconf 89' lang='lat' dir='ltr'>eorun-</span> 
     </span>
     <span class='ocr_line' id='line_1_3' title="bbox 151 277 1724 337; baseline -0.002 -13"><span class='ocrx_word' id='word_1_9' title='bbox 151 279 251 324; x_wconf 88' lang='lat' dir='ltr'>dem</span> <span class='ocrx_word' id='word_1_10' title='bbox 290 278 585 323; x_wconf 89' lang='lat' dir='ltr'>articulorum</span> <span class='ocrx_word' id='word_1_11' title='bbox 626 277 919 337; x_wconf 78' lang='lat' dir='ltr'>complures,</span> <span class='ocrx_word' id='word_1_12' title='bbox 959 285 1003 323; x_wconf 90' lang='lat' dir='ltr'>et</span> <span class='ocrx_word' id='word_1_13' title='bbox 1042 279 1310 322; x_wconf 88' lang='lat' dir='ltr'>nominatim</span> <span class='ocrx_word' id='word_1_14' title='bbox 1338 285 1532 323; x_wconf 87' lang='lat' dir='ltr'>octavus</span> <span class='ocrx_word' id='word_1_15' title='bbox 1556 312 1567 332; x_wconf 88' lang='lat'>,</span> <span class='ocrx_word' id='word_1_16' title='bbox 1606 292 1724 337; x_wconf 90' lang='lat' dir='ltr'>pro-</span> 
     </span>
     <span class='ocr_line' id='line_1_4' title="bbox 150 343 1726 405; baseline -0.003 -14"><span class='ocrx_word' id='word_1_17' title='bbox 150 346 282 391; x_wconf 78' lang='lat' dir='ltr'>ximis</span> <span class='ocrx_word' id='word_1_18' title='bbox 310 344 433 390; x_wconf 88' lang='lat' dir='ltr'>illico</span> <span class='ocrx_word' id='word_1_19' title='bbox 463 346 761 389; x_wconf 78' lang='lat' dir='ltr'>mutationem</span> <span class='ocrx_word' id='word_1_20' title='bbox 788 343 925 389; x_wconf 91' lang='lat' dir='ltr'>subiit</span> <span class='ocrx_word' id='word_1_21' title='bbox 965 345 1006 401; x_wconf 71' lang='lat'>²¹)</span> <span class='ocrx_word' id='word_1_22' title='bbox 1024 378 1036 392; x_wconf 71' lang='grc'>,</span> <span class='ocrx_word' id='word_1_23' title='bbox 1076 344 1199 404; x_wconf 87' lang='lat' dir='ltr'>quod</span> <span class='ocrx_word' id='word_1_24' title='bbox 1223 370 1290 376; x_wconf 85' lang='lat'><em>-</em></span> <span class='ocrx_word' id='word_1_25' title='bbox 1330 347 1497 405; x_wconf 81' lang='lat' dir='ltr'>opinor</span> <span class='ocrx_word' id='word_1_26' title='bbox 1521 369 1587 376; x_wconf 85' lang='lat'><strong>—</strong></span> <span class='ocrx_word' id='word_1_27' title='bbox 1614 345 1726 388; x_wconf 90' lang='lat' dir='ltr'>satis</span> 
     </span>
     <span class='ocr_line' id='line_1_5' title="bbox 153 410 1725 471; baseline -0.003 -13"><span class='ocrx_word' id='word_1_28' title='bbox 153 413 462 467; x_wconf 88' lang='lat' dir='ltr'>demonstrat,</span> <span class='ocrx_word' id='word_1_29' title='bbox 502 411 609 471; x_wconf 90' lang='lat' dir='ltr'>quid</span> <span class='ocrx_word' id='word_1_30' title='bbox 636 411 803 455; x_wconf 89' lang='lat' dir='ltr'>dehac</span> <span class='ocrx_word' id='word_1_31' title='bbox 844 411 1206 456; x_wconf 80' lang='lat' dir='ltr'>immutabilitate</span> <span class='ocrx_word' id='word_1_32' title='bbox 1245 411 1382 468; x_wconf 87' lang='lat' dir='ltr'>Rex,</span> <span class='ocrx_word' id='word_1_33' title='bbox 1420 410 1725 471; x_wconf 90' lang='lat' dir='ltr'>Regnumque</span> 
     </span>
     <span class='ocr_line' id='line_1_6' title="bbox 153 478 1153 539; baseline -0.003 -13"><span class='ocrx_word' id='word_1_34' title='bbox 153 479 412 535; x_wconf 87' lang='lat' dir='ltr'>senserint,</span> <span class='ocrx_word' id='word_1_35' title='bbox 451 484 730 539; x_wconf 88' lang='lat' dir='ltr'>quantumve</span> <span class='ocrx_word' id='word_1_36' title='bbox 756 479 938 534; x_wconf 84' lang='lat' dir='ltr'>valeat,</span> <span class='ocrx_word' id='word_1_37' title='bbox 976 478 1153 525; x_wconf 86' lang='lat' dir='ltr'>valere.</span> 
     </span>
    </p>
   </div>
   <div class='ocr_carea' id='block_1_3' title="bbox 682 612 1176 770">
    <p class='ocr_par' dir='ltr' id='par_1_3' title="bbox 682 612 1176 770">
     <span class='ocr_line' id='line_1_7' title="bbox 827 612 1026 666; baseline 0 -10"><span class='ocrx_word' id='word_1_38' title='bbox 827 612 874 666; x_wconf 56' lang='grc' dir='ltr'>ὃ.</span> <span class='ocrx_word' id='word_1_39' title='bbox 914 613 1026 658; x_wconf 78' lang='grc'>410.</span> 
     </span>
     <span class='ocr_line' id='line_1_8' title="bbox 682 711 1176 770; baseline 0.002 -12"><span class='ocrx_word' id='word_1_40' title='bbox 682 713 741 758; x_wconf 80' lang='lat' dir='ltr'>In</span> <span class='ocrx_word' id='word_1_41' title='bbox 766 716 932 770; x_wconf 74' lang='lat' dir='ltr'>specie</span> <span class='ocrx_word' id='word_1_42' title='bbox 956 712 1003 758; x_wconf 89' lang='grc'>8.</span> <span class='ocrx_word' id='word_1_43' title='bbox 1032 711 1095 756; x_wconf 85' lang='lat'>17</span> <span class='ocrx_word' id='word_1_44' title='bbox 1099 711 1176 759; x_wconf 75' lang='lat'>41.</span> 
     </span>
    </p>
   </div>
   <div class='ocr_carea' id='block_1_4' title="bbox 147 807 1733 1810">
    <p class='ocr_par' dir='ltr' id='par_1_4' title="bbox 147 807 1733 1810">
     <span class='ocr_line' id='line_1_9' title="bbox 280 807 1726 867; baseline -0.003 -11"><span class='ocrx_word' id='word_1_45' title='bbox 280 811 501 857; x_wconf 88' lang='lat' dir='ltr'>Palmaris</span> <span class='ocrx_word' id='word_1_46' title='bbox 543 816 695 856; x_wconf 90' lang='lat' dir='ltr'>autem</span> <span class='ocrx_word' id='word_1_47' title='bbox 733 810 812 854; x_wconf 92' lang='lat' dir='ltr'>ille</span> <span class='ocrx_word' id='word_1_48' title='bbox 849 810 951 854; x_wconf 88' lang='lat' dir='ltr'>Art.</span> <span class='ocrx_word' id='word_1_49' title='bbox 993 811 1037 855; x_wconf 81' lang='lat'>8.</span> <span class='ocrx_word' id='word_1_50' title='bbox 1079 810 1254 865; x_wconf 78' lang='lat'>1741.,</span> <span class='ocrx_word' id='word_1_51' title='bbox 1305 807 1360 853; x_wconf 91' lang='lat' dir='ltr'>de</span> <span class='ocrx_word' id='word_1_52' title='bbox 1411 822 1502 867; x_wconf 91' lang='lat' dir='ltr'>quo</span> <span class='ocrx_word' id='word_1_53' title='bbox 1562 807 1726 863; x_wconf 88' lang='lat' dir='ltr'>semel,</span> 
     </span>
     <span class='ocr_line' id='line_1_10' title="bbox 150 873 1729 939; baseline -0.004 -16"><span class='ocrx_word' id='word_1_54' title='bbox 150 886 285 939; x_wconf 88' lang='lat' dir='ltr'>atque</span> <span class='ocrx_word' id='word_1_55' title='bbox 313 881 476 923; x_wconf 89' lang='lat' dir='ltr'>iterum</span> <span class='ocrx_word' id='word_1_56' title='bbox 503 892 656 923; x_wconf 91' lang='lat' dir='ltr'>sermo</span> <span class='ocrx_word' id='word_1_57' title='bbox 683 882 977 932; x_wconf 87' lang='lat' dir='ltr'>recurrerat,</span> <span class='ocrx_word' id='word_1_58' title='bbox 1016 874 1373 936; x_wconf 88' lang='lat' dir='ltr'>praecavendo:</span> <span class='ocrx_word' id='word_1_59' title='bbox 1414 889 1471 919; x_wconf 93' lang='lat' dir='ltr'>ne</span> <span class='ocrx_word' id='word_1_60' title='bbox 1501 873 1583 919; x_wconf 88' lang='lat' dir='ltr'>sub</span> <span class='ocrx_word' id='word_1_61' title='bbox 1612 888 1729 918; x_wconf 90' lang='lat' dir='ltr'>sen-</span> 
     </span>
     <span class='ocr_line' id='line_1_11' title="bbox 152 944 1730 1004; baseline -0.003 -15"><span class='ocrx_word' id='word_1_62' title='bbox 152 960 251 992; x_wconf 90' lang='lat' dir='ltr'>sum</span> <span class='ocrx_word' id='word_1_63' title='bbox 289 945 408 989; x_wconf 89' lang='lat' dir='ltr'>illius</span> <span class='ocrx_word' id='word_1_64' title='bbox 450 944 708 989; x_wconf 86' lang='lat' dir='ltr'>clausulae:</span> <span class='ocrx_word' id='word_1_65' title='bbox 751 944 972 1001; x_wconf 85' lang='lat' dir='ltr'>„Prout</span> <span class='ocrx_word' id='word_1_66' title='bbox 1011 956 1195 1004; x_wconf 89' lang='lat' dir='ltr'>super</span> <span class='ocrx_word' id='word_1_67' title='bbox 1234 955 1441 987; x_wconf 89' lang='lat' dir='ltr'>eorum</span> <span class='ocrx_word' id='word_1_68' title='bbox 1486 954 1630 994; x_wconf 90' lang='lat' dir='ltr'>usu,</span> <span class='ocrx_word' id='word_1_69' title='bbox 1670 946 1730 985; x_wconf 88' lang='lat' dir='ltr'>et</span> 
     </span>
     <span class='ocr_line' id='line_1_12' title="bbox 153 1009 1731 1071; baseline -0.004 -14"><span class='ocrx_word' id='word_1_70' title='bbox 153 1011 569 1071; x_wconf 85' lang='lat' dir='ltr'>„intellectu,</span> <span class='ocrx_word' id='word_1_71' title='bbox 632 1010 866 1068; x_wconf 89' lang='lat' dir='ltr'>Regis,</span> <span class='ocrx_word' id='word_1_72' title='bbox 937 1025 962 1055; x_wconf 90' lang='lat' dir='ltr'>a</span> <span class='ocrx_word' id='word_1_73' title='bbox 989 1024 1014 1053; x_wconf 91' lang='grc'>0</span> <span class='ocrx_word' id='word_1_74' title='bbox 1075 1011 1382 1054; x_wconf 88' lang='lat' dir='ltr'>communi</span> <span class='ocrx_word' id='word_1_75' title='bbox 1441 1009 1731 1055; x_wconf 85' lang='lat' dir='ltr'>Statuum</span> 
     </span>
     <span class='ocr_line' id='line_1_13' title="bbox 154 1074 1731 1137; baseline -0.003 -14"><span class='ocrx_word' id='word_1_76' title='bbox 154 1092 507 1137; x_wconf 78' lang='lat' dir='ltr'>„consensu</span> <span class='ocrx_word' id='word_1_77' title='bbox 546 1076 898 1123; x_wconf 85' lang='lat' dir='ltr'>diaetaliter</span> <span class='ocrx_word' id='word_1_78' title='bbox 935 1081 1306 1122; x_wconf 86' lang='lat' dir='ltr'>conventum</span> <span class='ocrx_word' id='word_1_79' title='bbox 1342 1074 1562 1119; x_wconf 62' lang='grc' dir='ltr'>1116111ις</span> <span class='ocrx_word' id='word_1_80' title='bbox 1591 1076 1731 1118; x_wconf 91' lang='lat' dir='ltr'>inau-</span> 
     </span>
     <span class='ocr_line' id='line_1_14' title="bbox 151 1140 1729 1205; baseline -0.003 -16"><span class='ocrx_word' id='word_1_81' title='bbox 151 1144 300 1205; x_wconf 87' lang='lat' dir='ltr'>gurali</span> <span class='ocrx_word' id='word_1_82' title='bbox 348 1144 598 1204; x_wconf 87' lang='lat' dir='ltr'>Diplomati</span> <span class='ocrx_word' id='word_1_83' title='bbox 637 1146 870 1199; x_wconf 87' lang='lat' dir='ltr'>insertae,</span> <span class='ocrx_word' id='word_1_84' title='bbox 923 1142 1134 1187; x_wconf 82' lang='lat' dir='ltr'>recidant</span> <span class='ocrx_word' id='word_1_85' title='bbox 1186 1141 1546 1187; x_wconf 83' lang='lat' dir='ltr'>fundamentalia</span> <span class='ocrx_word' id='word_1_86' title='bbox 1600 1140 1729 1196; x_wconf 89' lang='lat' dir='ltr'>Jura,</span> 
     </span>
     <span class='ocr_line' id='line_1_15' title="bbox 151 1207 1732 1268; baseline -0.004 -11"><span class='ocrx_word' id='word_1_87' title='bbox 151 1211 438 1266; x_wconf 89' lang='lat' dir='ltr'>Libertates,</span> <span class='ocrx_word' id='word_1_88' title='bbox 491 1210 838 1266; x_wconf 83' lang='lat' dir='ltr'>Immunitates,</span> <span class='ocrx_word' id='word_1_89' title='bbox 888 1210 1252 1268; x_wconf 90' lang='lat' dir='ltr'>Praerogativae</span> <span class='ocrx_word' id='word_1_90' title='bbox 1289 1210 1336 1254; x_wconf 91' lang='lat' dir='ltr'>in</span> <span class='ocrx_word' id='word_1_91' title='bbox 1373 1208 1586 1267; x_wconf 85' lang='lat' dir='ltr'>legibuS,</span> <span class='ocrx_word' id='word_1_92' title='bbox 1638 1207 1732 1252; x_wconf 90' lang='lat' dir='ltr'>ibi-</span> 
     </span>
     <span class='ocr_line' id='line_1_16' title="bbox 153 1274 1731 1337; baseline -0.004 -13"><span class='ocrx_word' id='word_1_93' title='bbox 153 1279 254 1324; x_wconf 91' lang='lat' dir='ltr'>dem</span> <span class='ocrx_word' id='word_1_94' title='bbox 281 1277 535 1335; x_wconf 89' lang='lat' dir='ltr'>designatis</span> <span class='ocrx_word' id='word_1_95' title='bbox 563 1276 783 1337; x_wconf 88' lang='lat' dir='ltr'>specifice</span> <span class='ocrx_word' id='word_1_96' title='bbox 812 1284 1059 1322; x_wconf 86' lang='lat' dir='ltr'>contentae</span> <span class='ocrx_word' id='word_1_97' title='bbox 1089 1291 1183 1322; x_wconf 91' lang='lat' dir='ltr'>non</span> <span class='ocrx_word' id='word_1_98' title='bbox 1209 1276 1330 1321; x_wconf 91' lang='lat' dir='ltr'>aliud</span> <span class='ocrx_word' id='word_1_99' title='bbox 1357 1282 1563 1322; x_wconf 86' lang='lat' dir='ltr'>statuere</span> <span class='ocrx_word' id='word_1_100' title='bbox 1590 1274 1731 1321; x_wconf 88' lang='lat' dir='ltr'>vide-</span> 
     </span>
     <span class='ocr_line' id='line_1_17' title="bbox 150 1342 1732 1403; baseline -0.003 -13"><span class='ocrx_word' id='word_1_101' title='bbox 150 1353 251 1400; x_wconf 87' lang='lat' dir='ltr'>tur,</span> <span class='ocrx_word' id='word_1_102' title='bbox 292 1358 426 1403; x_wconf 89' lang='lat' dir='ltr'>quam</span> <span class='ocrx_word' id='word_1_103' title='bbox 453 1343 554 1388; x_wconf 88' lang='lat' dir='ltr'>illas</span> <span class='ocrx_word' id='word_1_104' title='bbox 584 1357 745 1388; x_wconf 87' lang='lat' dir='ltr'>omnes</span> <span class='ocrx_word' id='word_1_105' title='bbox 773 1344 922 1388; x_wconf 88' lang='lat' dir='ltr'>claras</span> <span class='ocrx_word' id='word_1_106' title='bbox 952 1344 1255 1403; x_wconf 87' lang='lat' dir='ltr'>caeteroquin</span> <span class='ocrx_word' id='word_1_107' title='bbox 1276 1377 1287 1399; x_wconf 95' lang='lat'>,</span> <span class='ocrx_word' id='word_1_108' title='bbox 1315 1342 1435 1388; x_wconf 89' lang='lat' dir='ltr'>haud</span> <span class='ocrx_word' id='word_1_109' title='bbox 1460 1342 1550 1387; x_wconf 90' lang='lat' dir='ltr'>ulla</span> <span class='ocrx_word' id='word_1_110' title='bbox 1578 1343 1732 1387; x_wconf 89' lang='lat' dir='ltr'>inter-</span> 
     </span>
     <span class='ocr_line' id='line_1_18' title="bbox 150 1410 1730 1474; baseline -0.002 -18"><span class='ocrx_word' id='word_1_111' title='bbox 150 1412 440 1474; x_wconf 71' lang='lat' dir='ltr'>pretatione,</span> <span class='ocrx_word' id='word_1_112' title='bbox 481 1425 599 1470; x_wconf 91' lang='lat' dir='ltr'>quae</span> <span class='ocrx_word' id='word_1_113' title='bbox 640 1424 825 1470; x_wconf 90' lang='lat' dir='ltr'>semper</span> <span class='ocrx_word' id='word_1_114' title='bbox 865 1410 919 1454; x_wconf 87' lang='lat' dir='ltr'>ab</span> <span class='ocrx_word' id='word_1_115' title='bbox 960 1413 1201 1470; x_wconf 88' lang='lat' dir='ltr'>utriusque</span> <span class='ocrx_word' id='word_1_116' title='bbox 1227 1413 1372 1470; x_wconf 83' lang='lat' dir='ltr'>partis</span> <span class='ocrx_word' id='word_1_117' title='bbox 1414 1411 1730 1454; x_wconf 85' lang='lat' dir='ltr'>consensione</span> 
     </span>
     <span class='ocr_line' id='line_1_19' title="bbox 152 1475 1730 1539; baseline -0.003 -15"><span class='ocrx_word' id='word_1_118' title='bbox 152 1478 412 1539; x_wconf 90' lang='lat' dir='ltr'>dependet,</span> <span class='ocrx_word' id='word_1_119' title='bbox 451 1477 687 1537; x_wconf 87' lang='lat' dir='ltr'>indigere,</span> <span class='ocrx_word' id='word_1_120' title='bbox 727 1491 816 1522; x_wconf 91' lang='lat' dir='ltr'>nec</span> <span class='ocrx_word' id='word_1_121' title='bbox 853 1491 968 1537; x_wconf 90' lang='lat' dir='ltr'>opus</span> <span class='ocrx_word' id='word_1_122' title='bbox 1011 1491 1149 1533; x_wconf 86' lang='lat' dir='ltr'>esse,</span> <span class='ocrx_word' id='word_1_123' title='bbox 1186 1484 1236 1521; x_wconf 91' lang='lat' dir='ltr'>ut</span> <span class='ocrx_word' id='word_1_124' title='bbox 1272 1477 1327 1521; x_wconf 87' lang='lat' dir='ltr'>de</span> <span class='ocrx_word' id='word_1_125' title='bbox 1371 1491 1457 1532; x_wconf 90' lang='lat' dir='ltr'>eo,</span> <span class='ocrx_word' id='word_1_126' title='bbox 1498 1475 1730 1535; x_wconf 88' lang='lat' dir='ltr'>quomodo</span> 
     </span>
     <span class='ocr_line' id='line_1_20' title="bbox 150 1544 1731 1604; baseline -0.003 -13"><span class='ocrx_word' id='word_1_127' title='bbox 150 1544 481 1604; x_wconf 89' lang='lat' dir='ltr'>intelligendae</span> <span class='ocrx_word' id='word_1_128' title='bbox 515 1547 735 1601; x_wconf 85' lang='lat' dir='ltr'>veniant,</span> <span class='ocrx_word' id='word_1_129' title='bbox 773 1546 819 1589; x_wconf 92' lang='lat' dir='ltr'>in</span> <span class='ocrx_word' id='word_1_130' title='bbox 860 1544 1226 1604; x_wconf 87' lang='lat' dir='ltr'>qualemcunque</span> <span class='ocrx_word' id='word_1_131' title='bbox 1265 1551 1443 1604; x_wconf 89' lang='lat' dir='ltr'>partem</span> <span class='ocrx_word' id='word_1_132' title='bbox 1484 1544 1731 1603; x_wconf 90' lang='lat' dir='ltr'>quaestio-</span> 
     </span>
     <span class='ocr_line' id='line_1_21' title="bbox 149 1609 1732 1671; baseline -0.004 -12"><span class='ocrx_word' id='word_1_133' title='bbox 149 1627 234 1659; x_wconf 88' lang='lat' dir='ltr'>nes</span> <span class='ocrx_word' id='word_1_134' title='bbox 261 1614 507 1671; x_wconf 86' lang='lat' dir='ltr'>agitentur.</span> <span class='ocrx_word' id='word_1_135' title='bbox 547 1612 735 1657; x_wconf 89' lang='lat' dir='ltr'>Interim</span> <span class='ocrx_word' id='word_1_136' title='bbox 763 1626 880 1671; x_wconf 89' lang='lat' dir='ltr'>quae</span> <span class='ocrx_word' id='word_1_137' title='bbox 917 1626 1036 1657; x_wconf 91' lang='lat' dir='ltr'>anno</span> <span class='ocrx_word' id='word_1_138' title='bbox 1070 1613 1211 1658; x_wconf 74' lang='lat'>1848.</span> <span class='ocrx_word' id='word_1_139' title='bbox 1242 1611 1462 1656; x_wconf 88' lang='lat' dir='ltr'>conclusa</span> <span class='ocrx_word' id='word_1_140' title='bbox 1491 1618 1612 1666; x_wconf 90' lang='lat' dir='ltr'>sunt,</span> <span class='ocrx_word' id='word_1_141' title='bbox 1640 1609 1732 1654; x_wconf 92' lang='lat' dir='ltr'>hu—</span> 
     </span>
     <span class='ocr_line' id='line_1_22' title="bbox 147 1678 1733 1739; baseline -0.003 -14"><span class='ocrx_word' id='word_1_142' title='bbox 147 1682 226 1739; x_wconf 78' lang='lat' dir='ltr'>Jus</span> <span class='ocrx_word' id='word_1_143' title='bbox 265 1682 402 1725; x_wconf 91' lang='lat' dir='ltr'>etiam</span> <span class='ocrx_word' id='word_1_144' title='bbox 441 1679 560 1738; x_wconf 88' lang='lat' dir='ltr'>legis</span> <span class='ocrx_word' id='word_1_145' title='bbox 614 1678 991 1735; x_wconf 87' lang='lat' dir='ltr'>mutabilitatem,</span> <span class='ocrx_word' id='word_1_146' title='bbox 1030 1681 1122 1723; x_wconf 91' lang='lat' dir='ltr'>icto</span> <span class='ocrx_word' id='word_1_147' title='bbox 1167 1678 1355 1724; x_wconf 88' lang='lat' dir='ltr'>laethali</span> <span class='ocrx_word' id='word_1_148' title='bbox 1388 1678 1613 1733; x_wconf 85' lang='lat' dir='ltr'>vulnere,</span> <span class='ocrx_word' id='word_1_149' title='bbox 1662 1682 1733 1722; x_wconf 90' lang='lat' dir='ltr'>sat</span> 
     </span>
     <span class='ocr_line' id='line_1_23' title="bbox 153 1746 863 1810; baseline -0.007 -16"><span class='ocrx_word' id='word_1_150' title='bbox 153 1762 385 1810; x_wconf 83' lang='lat' dir='ltr'>superque</span> <span class='ocrx_word' id='word_1_151' title='bbox 413 1746 596 1792; x_wconf 85' lang='lat' dir='ltr'>effectui</span> <span class='ocrx_word' id='word_1_152' title='bbox 624 1746 863 1791; x_wconf 90' lang='lat' dir='ltr'>dederunt.</span> 
     </span>
    </p>
   </div>
   <div class='ocr_carea' id='block_1_5' title="bbox 399 1894 1489 2053">
    <p class='ocr_par' dir='ltr' id='par_1_5' title="bbox 399 1894 1489 2053">
     <span class='ocr_line' id='line_1_24' title="bbox 846 1894 1045 1949; baseline 0.01 -11"><span class='ocrx_word' id='word_1_153' title='bbox 846 1894 892 1949; x_wconf 58' lang='grc' dir='ltr'>ὃ.</span> <span class='ocrx_word' id='word_1_154' title='bbox 933 1896 1045 1940; x_wconf 85' lang='grc'>411.</span> 
     </span>
     <span class='ocr_line' id='line_1_25' title="bbox 399 1991 1489 2053; baseline -0.006 -12"><span class='ocrx_word' id='word_1_155' title='bbox 399 1997 524 2042; x_wconf 73' lang='lat' dir='ltr'>,Iura</span> <span class='ocrx_word' id='word_1_156' title='bbox 550 1997 702 2053; x_wconf 71' lang='lat' dir='ltr'>Reqz‘s</span> <span class='ocrx_word' id='word_1_157' title='bbox 729 1997 865 2040; x_wconf 70' lang='lat' dir='ltr'>circa</span> <span class='ocrx_word' id='word_1_158' title='bbox 896 1994 1109 2039; x_wconf 71' lang='lat' dir='ltr'>Comitia</span> <span class='ocrx_word' id='word_1_159' title='bbox 1136 1996 1187 2038; x_wconf 74' lang='lat' dir='ltr'>m</span> <span class='ocrx_word' id='word_1_160' title='bbox 1214 1991 1489 2051; x_wconf 69' lang='lat' dir='ltr'>complexu.</span> 
     </span>
    </p>
   </div>
   <div class='ocr_carea' id='block_1_6' title="bbox 156 2086 1740 2755">
    <p class='ocr_par' dir='ltr' id='par_1_6' title="bbox 156 2086 1740 2755">
     <span class='ocr_line' id='line_1_26' title="bbox 290 2086 1737 2153; baseline -0.005 -15"><span class='ocrx_word' id='word_1_161' title='bbox 290 2094 434 2153; x_wconf 86' lang='lat' dir='ltr'>Regis</span> <span class='ocrx_word' id='word_1_162' title='bbox 472 2092 738 2150; x_wconf 86' lang='lat' dir='ltr'>Hungariae</span> <span class='ocrx_word' id='word_1_163' title='bbox 776 2090 1071 2148; x_wconf 87' lang='lat' dir='ltr'>Majestatem</span> <span class='ocrx_word' id='word_1_164' title='bbox 1107 2089 1220 2135; x_wconf 89' lang='lat' dir='ltr'>Jura</span> <span class='ocrx_word' id='word_1_165' title='bbox 1258 2089 1467 2147; x_wconf 89' lang='lat' dir='ltr'>ejusdem</span> <span class='ocrx_word' id='word_1_166' title='bbox 1502 2090 1548 2133; x_wconf 91' lang='lat' dir='ltr'>in</span> <span class='ocrx_word' id='word_1_167' title='bbox 1575 2086 1737 2133; x_wconf 86' lang='lat' dir='ltr'>Comi-</span> 
     </span>
     <span class='ocr_line' id='line_1_27' title="bbox 159 2156 1737 2220; baseline -0.006 -14"><span class='ocrx_word' id='word_1_168' title='bbox 159 2164 232 2206; x_wconf 91' lang='lat' dir='ltr'>tiis</span> <span class='ocrx_word' id='word_1_169' title='bbox 249 2195 261 2215; x_wconf 89' lang='lat'>,</span> <span class='ocrx_word' id='word_1_170' title='bbox 300 2160 522 2220; x_wconf 90' lang='lat' dir='ltr'>Populum</span> <span class='ocrx_word' id='word_1_171' title='bbox 548 2161 817 2204; x_wconf 88' lang='lat' dir='ltr'>universum</span> <span class='ocrx_word' id='word_1_172' title='bbox 843 2157 1305 2218; x_wconf 84' lang='lat' dir='ltr'>repraesentantibus</span> <span class='ocrx_word' id='word_1_173' title='bbox 1327 2191 1339 2212; x_wconf 92' lang='lat'>,</span> <span class='ocrx_word' id='word_1_174' title='bbox 1379 2170 1511 2216; x_wconf 90' lang='lat' dir='ltr'>quam</span> <span class='ocrx_word' id='word_1_175' title='bbox 1539 2156 1737 2200; x_wconf 81' lang='lat' dir='ltr'>maxime</span> 
     </span>
     <span class='ocr_line' id='line_1_28' title="bbox 158 2221 1740 2286; baseline -0.004 -14"><span class='ocrx_word' id='word_1_176' title='bbox 158 2227 354 2272; x_wconf 85' lang='lat' dir='ltr'>reddunt</span> <span class='ocrx_word' id='word_1_177' title='bbox 392 2229 711 2286; x_wconf 86' lang='lat' dir='ltr'>conspicuam,</span> <span class='ocrx_word' id='word_1_178' title='bbox 753 2226 899 2286; x_wconf 88' lang='lat' dir='ltr'>Regis</span> <span class='ocrx_word' id='word_1_179' title='bbox 939 2239 1106 2285; x_wconf 90' lang='lat' dir='ltr'>nempe</span> <span class='ocrx_word' id='word_1_180' title='bbox 1147 2226 1221 2282; x_wconf 80' lang='lat' dir='ltr'>(ut</span> <span class='ocrx_word' id='word_1_181' title='bbox 1259 2239 1377 2284; x_wconf 89' lang='lat' dir='ltr'>quae</span> <span class='ocrx_word' id='word_1_182' title='bbox 1417 2224 1614 2283; x_wconf 86' lang='lat' dir='ltr'>sparsim</span> <span class='ocrx_word' id='word_1_183' title='bbox 1653 2221 1740 2265; x_wconf 86' lang='lat' dir='ltr'>hoc</span> 
     </span>
     <span class='ocr_line' id='line_1_29' title="bbox 159 2290 1739 2355; baseline -0.005 -16"><span class='ocrx_word' id='word_1_184' title='bbox 159 2297 309 2355; x_wconf 88' lang='lat' dir='ltr'>capite</span> <span class='ocrx_word' id='word_1_185' title='bbox 337 2300 778 2349; x_wconf 63' lang='lat' dir='ltr'>commemorantur,</span> <span class='ocrx_word' id='word_1_186' title='bbox 807 2292 889 2339; x_wconf 91' lang='lat' dir='ltr'>sub</span> <span class='ocrx_word' id='word_1_187' title='bbox 916 2307 1008 2338; x_wconf 90' lang='lat' dir='ltr'>uno</span> <span class='ocrx_word' id='word_1_188' title='bbox 1037 2294 1258 2337; x_wconf 85' lang='lat' dir='ltr'>sistantur</span> <span class='ocrx_word' id='word_1_189' title='bbox 1295 2290 1566 2351; x_wconf 78' lang='lat' dir='ltr'>complexu)</span> <span class='ocrx_word' id='word_1_190' title='bbox 1594 2302 1739 2349; x_wconf 89' lang='lat' dir='ltr'>prae-</span> 
     </span>
     <span class='ocr_line' id='line_1_30' title="bbox 159 2354 1739 2413; baseline -0.004 -7"><span class='ocrx_word' id='word_1_191' title='bbox 159 2369 230 2407; x_wconf 90' lang='lat' dir='ltr'>ter</span> <span class='ocrx_word' id='word_1_192' title='bbox 258 2363 534 2406; x_wconf 88' lang='lat' dir='ltr'>eminentem</span> <span class='ocrx_word' id='word_1_193' title='bbox 570 2387 638 2392; x_wconf 92' lang='lat'><strong>—</strong></span> <span class='ocrx_word' id='word_1_194' title='bbox 678 2361 914 2406; x_wconf 88' lang='lat' dir='ltr'>limitatam</span> <span class='ocrx_word' id='word_1_195' title='bbox 953 2360 1155 2404; x_wconf 67' lang='grc'>11061-</span> <span class='ocrx_word' id='word_1_196' title='bbox 1192 2361 1239 2404; x_wconf 91' lang='lat' dir='ltr'>in</span> <span class='ocrx_word' id='word_1_197' title='bbox 1267 2357 1520 2404; x_wconf 87' lang='lat' dir='ltr'>condendis</span> <span class='ocrx_word' id='word_1_198' title='bbox 1559 2354 1739 2413; x_wconf 88' lang='lat' dir='ltr'>legibus</span> 
     </span>
     <span class='ocr_line' id='line_1_31' title="bbox 160 2426 1739 2485; baseline -0.004 -12"><span class='ocrx_word' id='word_1_199' title='bbox 160 2431 511 2483; x_wconf 85' lang='lat' dir='ltr'>auctoritatem,</span> <span class='ocrx_word' id='word_1_200' title='bbox 552 2428 699 2473; x_wconf 91' lang='lat' dir='ltr'>solius</span> <span class='ocrx_word' id='word_1_201' title='bbox 743 2435 815 2472; x_wconf 89' lang='lat' dir='ltr'>est</span> <span class='ocrx_word' id='word_1_202' title='bbox 853 2427 936 2472; x_wconf 90' lang='lat' dir='ltr'>Jus</span> <span class='ocrx_word' id='word_1_203' title='bbox 975 2426 1417 2481; x_wconf 88' lang='lat' dir='ltr'>convocandorum,</span> <span class='ocrx_word' id='word_1_204' title='bbox 1469 2437 1739 2485; x_wconf 85' lang='lat' dir='ltr'>prorogan-</span> 
     </span>
     <span class='ocr_line' id='line_1_32' title="bbox 160 2489 1739 2552; baseline -0.004 -13"><span class='ocrx_word' id='word_1_205' title='bbox 160 2495 351 2549; x_wconf 90' lang='lat' dir='ltr'>dorum,</span> <span class='ocrx_word' id='word_1_206' title='bbox 392 2502 468 2540; x_wconf 89' lang='lat' dir='ltr'>aut</span> <span class='ocrx_word' id='word_1_207' title='bbox 508 2495 915 2540; x_wconf 88' lang='lat' dir='ltr'>dissolvendorum</span> <span class='ocrx_word' id='word_1_208' title='bbox 953 2493 1106 2552; x_wconf 83' lang='lat' dir='ltr'>Regni</span> <span class='ocrx_word' id='word_1_209' title='bbox 1144 2501 1482 2547; x_wconf 86' lang='lat' dir='ltr'>conventuum,</span> <span class='ocrx_word' id='word_1_210' title='bbox 1522 2504 1623 2535; x_wconf 88' lang='lat' dir='ltr'>cum</span> <span class='ocrx_word' id='word_1_211' title='bbox 1651 2489 1739 2534; x_wconf 84' lang='lat' dir='ltr'>de-</span> 
     </span>
     <span class='ocr_line' id='line_1_33' title="bbox 163 2555 1738 2621; baseline -0.004 -16"><span class='ocrx_word' id='word_1_212' title='bbox 163 2564 422 2619; x_wconf 80' lang='lat' dir='ltr'>signatione</span> <span class='ocrx_word' id='word_1_213' title='bbox 456 2562 571 2616; x_wconf 85' lang='lat' dir='ltr'>loci,</span> <span class='ocrx_word' id='word_1_214' title='bbox 611 2576 664 2606; x_wconf 86' lang='lat' dir='ltr'>ac</span> <span class='ocrx_word' id='word_1_215' title='bbox 705 2562 942 2621; x_wconf 87' lang='lat' dir='ltr'>temporis.</span> <span class='ocrx_word' id='word_1_216' title='bbox 999 2560 1074 2605; x_wconf 92' lang='lat' dir='ltr'>Ad</span> <span class='ocrx_word' id='word_1_217' title='bbox 1109 2563 1239 2620; x_wconf 89' lang='lat' dir='ltr'>regia</span> <span class='ocrx_word' id='word_1_218' title='bbox 1278 2561 1389 2605; x_wconf 90' lang='lat' dir='ltr'>Jura</span> <span class='ocrx_word' id='word_1_219' title='bbox 1418 2560 1621 2619; x_wconf 89' lang='lat' dir='ltr'>pertinet</span> <span class='ocrx_word' id='word_1_220' title='bbox 1649 2555 1738 2601; x_wconf 90' lang='lat' dir='ltr'>ob—</span> 
     </span>
     <span class='ocr_line' id='line_1_34' title="bbox 156 2623 1738 2688; baseline -0.005 -15"><span class='ocrx_word' id='word_1_221' title='bbox 156 2629 283 2685; x_wconf 84' lang='lat' dir='ltr'>jecta</span> <span class='ocrx_word' id='word_1_222' title='bbox 310 2628 522 2673; x_wconf 88' lang='lat' dir='ltr'>diaetalia</span> <span class='ocrx_word' id='word_1_223' title='bbox 550 2641 816 2688; x_wconf 91' lang='lat' dir='ltr'>proponere</span> <span class='ocrx_word' id='word_1_224' title='bbox 839 2662 851 2683; x_wconf 89' lang='lat'>,</span> <span class='ocrx_word' id='word_1_225' title='bbox 890 2627 1145 2686; x_wconf 88' lang='lat' dir='ltr'>horumque</span> <span class='ocrx_word' id='word_1_226' title='bbox 1182 2630 1595 2688; x_wconf 87' lang='lat' dir='ltr'>pertractationem</span> <span class='ocrx_word' id='word_1_227' title='bbox 1630 2623 1738 2667; x_wconf 79' lang='lat' dir='ltr'>exi-</span> 
     </span>
     <span class='ocr_line' id='line_1_35' title="bbox 162 2689 1737 2755; baseline -0.004 -16"><span class='ocrx_word' id='word_1_228' title='bbox 162 2708 290 2754; x_wconf 88' lang='lat' dir='ltr'>gere.</span> <span class='ocrx_word' id='word_1_229' title='bbox 349 2694 419 2738; x_wconf 86' lang='lat' dir='ltr'>Ab</span> <span class='ocrx_word' id='word_1_230' title='bbox 472 2709 527 2740; x_wconf 93' lang='lat' dir='ltr'>eo</span> <span class='ocrx_word' id='word_1_231' title='bbox 579 2696 715 2740; x_wconf 89' lang='lat' dir='ltr'>etiam</span> <span class='ocrx_word' id='word_1_232' title='bbox 765 2694 995 2755; x_wconf 89' lang='lat' dir='ltr'>dependet</span> <span class='ocrx_word' id='word_1_233' title='bbox 1043 2694 1341 2752; x_wconf 86' lang='lat' dir='ltr'>ratihabitio,</span> <span class='ocrx_word' id='word_1_234' title='bbox 1378 2693 1457 2741; x_wconf 90' lang='lat' dir='ltr'>vel</span> <span class='ocrx_word' id='word_1_235' title='bbox 1505 2689 1737 2737; x_wconf 84' lang='lat' dir='ltr'>recusatio</span> 
     </span>
    </p>
   </div>
   <div class='ocr_carea' id='block_1_7' title="bbox 166 2790 428 2796">
    <p class='ocr_par' dir='ltr' id='par_1_7' title="bbox 166 2790 428 2796">
     <span class='ocr_line' id='line_1_36' title="bbox 166 2790 428 2796; baseline 0 0"><span class='ocrx_word' id='word_1_236' title='bbox 166 2790 428 2796; x_wconf 95' lang='lat' dir='ltr'> </span> 
     </span>
    </p>
   </div>
   <div class='ocr_carea' id='block_1_8' title="bbox 201 2832 443 2878">
    <p class='ocr_par' dir='ltr' id='par_1_8' title="bbox 201 2832 443 2878">
     <span class='ocr_line' id='line_1_37' title="bbox 201 2832 443 2878; baseline 0.008 -8"><span class='ocrx_word' id='word_1_237' title='bbox 201 2834 234 2878; x_wconf 69' lang='lat' dir='ltr'>a)</span> <span class='ocrx_word' id='word_1_238' title='bbox 262 2832 363 2870; x_wconf 67' lang='lat'>1492.</span> <span class='ocrx_word' id='word_1_239' title='bbox 388 2832 443 2872; x_wconf 81' lang='lat'>43.</span> 
     </span>
    </p>
   </div>
  </div>
 </body>
</html>
