1941 3143
163 86 193 130 S

169 190 389 238 ostendit.
429 188 653 251 Equidem
693 202 787 234 non
825 189 864 233 is
904 201 1033 243 sum,
1073 186 1149 248 qui
1199 185 1288 233 nisi
1327 185 1553 233 eruditum
1599 187 1757 233 utilem

167 260 350 304 Patriae
379 257 528 303 civem
570 256 729 301 haberi
767 268 910 316 posse
953 256 1182 300 neminem
1210 255 1502 310 existimem3
1541 255 1580 300 si
1607 262 1758 300 tamen

165 351 234 359 —-
283 324 408 386 quod
446 327 656 384 graviter
706 321 924 368 monebat
970 321 1146 366 Tullius
1183 348 1251 355 —
1298 321 1367 367 ad
1406 323 1758 367 consilium

168 394 238 438 de
277 392 502 452 republ
527 395 621 437 ica
670 388 955 443 dandum„
994 395 1177 449 caput
1213 395 1312 434 est
1358 403 1553 433 nosse
1607 403 1760 433 rem-

169 460 376 522 public
396 474 419 503 a
438 473 511 514 ηις
551 460 848 519 praecipuam
876 470 961 500 eos
981 489 993 506 ,
1033 458 1109 516 qui
1148 457 1203 501 de
1232 457 1380 502 salute
1404 490 1416 512 ,
1456 470 1511 500 ac
1538 455 1760 501 felicitate

177 527 406 573 communi
458 528 503 571 in
542 524 738 586 publicis
779 523 1039 569 deliberant
1078 524 1416 577 conventibuS‚
1466 523 1542 568 vel
1581 523 1761 584 publica

176 595 349 639 obeunt.
389 594 566 649 munia,
606 606 761 637 curam
802 606 1020 639 manere,
1061 598 1109 636 ut
1147 594 1339 651 egregia
1383 591 1564 636 illorum
1592 592 1763 650 cogni—

177 664 304 706 tione
331 663 423 706 sint
461 660 652 717 exculti„
697 674 816 719 quae
852 673 1022 718 regere
1062 661 1295 704 civitatem
1323 658 1532 704 consiliis
1557 684 1624 691 —
1652 656 1764 702 sun-

176 729 286 776 dare
313 728 495 790 legibus
526 753 593 761 —
631 727 880 773 emendare
906 726 1098 773 Judiciis
1127 726 1311 773 docent.

877 862 923 917 ξ.
963 861 1081 907 XlV.

516 966 806 1022 Differentia
844 976 875 1007 a
913 963 1147 1007 Sce'ente'z’s
1185 959 1430 1018 affinibus.

313 1062 614 1122 Perspicuum
654 1059 701 1103 fit
735 1074 829 1104 non
864 1059 1012 1102 minus
1056 1057 1156 1101 Jus
1190 1055 1504 1117 publicum
1539 1055 1768 1101 Politi-

178 1144 323 1185 cam„
370 1129 805 1182 Statisticam,
853 1128 961 1170 item
999 1124 1328 1180 Pontiam,
1374 1129 1511 1183 atque
1552 1123 1767 1168 Histo-

176 1199 321 1242 riam
348 1198 553 1242 Status
592 1193 821 1254 publici
861 1192 1323 1253 pragmaticam,
1366 1192 1575 1250 quamvis
1604 1191 1767 1235 scien-

176 1266 268 1309 tiae
319 1263 482 1309 affines
532 1263 640 1317 sint,
680 1267 726 1305 et
775 1262 896 1305 inter
949 1274 1000 1304 se
1052 1259 1299 1316 conjurent
1354 1260 1518 1315 amice,
1558 1263 1767 1318 spectata

179 1333 386 1377 essentia
437 1329 734 1375 nihilominus
774 1327 828 1372 ab
881 1340 932 1371 se
987 1328 1187 1372 invicem
1243 1326 1526 1386 discrepare.
1590 1325 1770 1370 Poli-

177 1400 313 1444 tica
354 1399 554 1458 quippe„
594 1410 729 1455 quam
766 1394 841 1438 alii
878 1394 1168 1454 prudentiam
1215 1394 1428 1449 civilem.
1481 1394 1657 1438 rectius
1693 1392 1769 1437 alii

180 1466 422 1511 scientiam
449 1463 696 1525 Imperium
724 1461 1071 1507 administrandi
1100 1462 1271 1509 dicunt.
1310 1463 1354 1506 in
1398 1468 1496 1506 arte
1537 1462 1769 1516 consistit,

180 1534 418 1594 aptissima
468 1531 525 1576 ad
576 1529 926 1590 gubernandum
975 1529 1123 1574 media
1172 1527 1437 1587 deligendi.
1492 1529 1642 1587 ilsque
1683 1541 1768 1587 pro

180 1601 502 1658 adjunctorum
541 1600 724 1644 ratione
766 1597 823 1642 ad
856 1596 1224 1657 promovendam
1263 1596 1458 1641 salutem
1485 1609 1770 1641 communem

183 1668 371 1722 utendi3
412 1666 548 1712 tradit
587 1667 726 1724 igitur
767 1679 848 1721 ea,
889 1680 1007 1725 quae
1049 1666 1187 1709 statui
1225 1664 1353 1709 utilia
1391 1669 1525 1719 sunt,
1565 1677 1619 1707 ac
1652 1676 1771 1723 pro-

180 1735 313 1780 ficua.
366 1734 573 1780 Scientia
625 1732 909 1777 Politiae
959 1732 1014 1777 de
1058 1731 1346 1776 adminiculis
1391 1732 1486 1790 agit
1524 1729 1770 1791 publicam,

181 1806 503 1865 privatamque
553 1801 851 1846 securitatem
894 1798 1189 1854 stabiliendi.
1241 1813 1294 1843 ac
1335 1797 1662 1844 conservandi.
1707 1822 1773 1829 —-

183 1872 214 1917 S
236 1877 292 1915 ta
310 1877 324 1914 t
343 1871 355 1914 i
375 1884 395 1914 s
415 1876 429 1914 t
446 1871 458 1913 i
475 1883 498 1913 c
517 1884 540 1913 a
568 1869 775 1913 notitiam
801 1867 953 1926 Regni
980 1866 1346 1927 geographicam
1368 1899 1380 1922 9
1419 1880 1508 1910 nec
1534 1880 1627 1910 non
1652 1879 1772 1926 pro-

184 1938 425 1983 ductorum
466 1943 691 1991 naturae7
731 1942 774 1979 et
814 1936 954 1988 artis.
995 1941 1086 1978 tum
1127 1947 1398 1982 numerum.
1439 1939 1576 1992 atque
1615 1934 1771 1977 varias

183 2005 442 2051 incolarum
481 2003 660 2047 classes
694 2007 971 2063 percenset3
1010 2003 1138 2046 vires
1180 2000 1434 2061 physicas7
1485 2006 1530 2044 et
1570 1999 1772 2044 morales

185 2072 404 2126 exhibet3
466 2083 674 2115 normam
718 2071 787 2114 rei
842 2076 931 2114 tam
984 2068 1372 2124 ecclesiasticae7
1434 2081 1568 2128 quam
1623 2066 1774 2112 civilis

186 2142 412 2201 exponit.
453 2151 596 2198 quare
637 2136 874 2197 complura
911 2137 1058 2197 ipsius
1100 2150 1284 2196 quoque
1325 2135 1449 2180 Juris
1489 2134 1660 2195 publici
1688 2148 1775 2181 re-

187 2207 355 2254 sultata
406 2219 490 2251 suo
543 2203 713 2250 ambitu
756 2203 1078 2265 complectitur
1120 2204 1178 2261 ³¹).
1246 2203 1549 2248 Historia
1590 2202 1776 2248 deni-

186 2289 301 2336 que
349 2280 561 2319 status
613 2273 1002 2333 pragmatica
1051 2278 1295 2327 ennarrat.
1350 2286 1468 2331 quae
1516 2272 1561 2316 in
1610 2269 1775 2315 eodem

186 2340 503 2388 memorabilia
559 2346 848 2396 evenerunt.
900 2338 1061 2384 horum
1116 2340 1225 2384 item
1279 2340 1536 2399 originem,
1590 2351 1773 2395 causas,

189 2410 381 2455 effectus
436 2408 623 2470 pandit.
678 2408 786 2467 quin
824 2407 961 2464 jure.
1025 2421 1081 2451 au
1135 2408 1299 2466 inJuria
1351 2405 1636 2462 acciderint.
1689 2406 1777 2450 de-

188 2476 524 2523 terminandum
565 2474 745 2520 habeat.
803 2501 869 2506 ——-
906 2476 967 2520 At
1005 2474 1129 2518 Juris
1169 2474 1341 2536 publici
1392 2474 1600 2519 doctrina
1643 2475 1777 2519 unius

190 2546 416 2603 cujusque
454 2545 607 2602 gentis
652 2557 745 2587 non
796 2541 930 2602 quale
972 2548 1177 2602 systema
1218 2542 1368 2601 Regni
1410 2556 1518 2587 esse
1569 2540 1777 2597 deberet,

192 2612 276 2659 sed
328 2611 462 2671 quale
512 2625 680 2671 reapse
730 2609 967 2656 subsistit.
1023 2609 1220 2655 fideliter
1273 2611 1482 2667 evolvit.
1538 2609 1779 2670 rigideque

192 2682 514 2742 persequitur.
558 2678 764 2724 eruendo
792 2679 1007 2738 genuinis
1049 2692 1073 2723 e
1102 2676 1306 2723 sontibus
1334 2676 1408 2723 illa
1451 2678 1621 2735 omnia7
1660 2691 1777 2738 quae

231 2826 262 2865 ³)
289 2825 344 2857 De
370 2823 524 2857 Oratore
551 2823 623 2856 Lib.
648 2825 680 2855 2.
