1941 3143
191 65 256 109 78

900 199 947 253 ς.
989 202 1066 244 er).

756 283 988 329 Erronee
1025 288 1215 330 asserit.

331 363 639 410 Nihilominus
682 362 737 408 ad
765 363 883 410 hanc
922 379 1168 411 erroneam
1197 367 1460 427 opinionem
1489 367 1673 428 penitus
1699 382 1783 413 re-

191 432 469 479 movendam
498 437 685 490 oportet
711 446 829 477 uno.
859 432 1072 479 alterove
1102 434 1318 495 exemplo
1348 435 1582 481 relevare.
1611 442 1782 494 quanto

189 501 403 547 veritatis
431 500 616 556 rigore„
655 498 733 543 vel
760 498 894 557 hujus
923 500 1213 560 detegendae
1241 502 1554 547 sollicitudine
1583 501 1784 548 Guster-

189 583 326 613 mann
353 566 438 610 hac
466 567 510 610 in
536 579 588 610 re
616 569 931 625 processerit:
962 569 1102 626 „Delfi
1130 569 1326 616 anteass
1352 571 1423 614 bet
1445 570 1477 614 1.
1506 595 1573 602 --
1598 571 1784 615 intero-

190 641 269 695 gat
306 634 383 679 ille
422 658 489 665 -—
530 632 569 690 ³)
611 628 786 690 geftssnt
823 637 997 680 motben
1035 635 1118 693 fei,
1157 635 1347 694 bemeiset
1383 637 1503 698 Pray
1546 641 1630 682 aue
1673 636 1785 683 einet

189 702 452 762 ‚,Utfunbe,
490 711 557 746 mo
585 700 654 745 bet
686 698 834 759 ahnig
865 702 989 760 sagt:
1015 704 1153 749 Anno
1180 704 1283 750 XII.
1304 704 1454 764 Regni
1482 706 1662 750 nostri“
1692 704 1784 763 αῐῖο

188 768 238 824 ist
277 782 318 814 et
359 765 533 827 gefrcnt
574 767 778 814 morben?
817 769 1003 816 Reticet
1039 778 1190 817 autem
1227 774 1540 818 testimonium
1582 774 1784 818 Simonis

193 838 249 883 de
290 836 445 892 Keza,
485 835 571 880 hac
607 835 662 880 de
703 851 754 881 re
797 838 1009 883 iteratum
1052 837 1127 896 ¹³),
1177 838 1393 898 aliudque
1430 838 1786 900 Chronographi

193 905 465 959 domestici,
507 918 673 947 annum
711 905 858 964 ipsum
900 913 1121 966 peractae
1164 905 1495 951 Coronationis
1522 905 1786 963 indicantiS‚

190 975 236 1018 in
263 972 379 1017 haec
417 970 563 1017 verba
596 970 963 1017 luculentissima
1007 971 1254 1029 „Andreas
1280 998 1348 1005 —
1383 999 1451 1005 —
1483 998 1552 1005 -
1585 975 1631 1018 in
1656 974 1786 1033 regia

192 1042 414 1099 „civitate
462 1038 580 1083 Alba
634 1038 843 1096 regalem
884 1036 1116 1084 Coronam
1170 1045 1243 1083 est
1295 1039 1522 1100 adeptus7
1573 1055 1598 1085 a
1639 1040 1784 1086 tribus

192 1107 501 1167 „Episcopis„
542 1106 690 1164 quiin
733 1105 809 1150 illa
847 1119 1013 1165 magna
1051 1113 1208 1165 strage
1253 1105 1619 1152 Christianorum
1662 1121 1783 1153 eva-

193 1180 415 1233 „serunt‚
455 1179 708 1217 coronatus
737 1179 809 1217 est
847 1173 910 1217 A⁰
953 1173 1138 1219 Domini
1172 1172 1391 1219 MXLVII
1434 1175 1507 1232 ⁰)“
1537 1174 1788 1220 Continuat

188 1255 331 1302 porro
361 1246 524 1286 noster
565 1239 881 1285 adversarius.
923 1240 1050 1299 „Det
1091 1240 1266 1301 §pergog
1308 1240 1468 1298 (Setia,
1508 1240 1683 1298 meltben
1722 1241 1786 1287 bie

189 1312 408 1369 „Uagam
437 1304 536 1365 bod)
565 1312 688 1352 nutet
715 1306 806 1365 ibte
834 1304 1003 1366 Stt'mige
1036 1303 1213 1366 fflibtenl
1254 1306 1472 1366 gestattete
1513 1308 1623 1365 nicbt
1643 1342 1657 1363 ,
1695 1310 1785 1367 ibm

191 1376 288 1436 „bie
319 1376 466 1421 ,ἱῗϊοηε
490 1373 778 1432 aufgusesseffl
806 1374 1006 1421 fidenter
1031 1375 1336 1436 provocando
1365 1375 1422 1420 ad
1449 1374 1605 1421 Caroli
1631 1376 1787 1422 Palma

191 1443 336 1490 Notit.
367 1442 477 1488 Rer.
518 1440 669 1501 Hung.
698 1442 744 1488 P.
778 1444 818 1488 1.
847 1457 890 1504 p.
920 1444 1015 1490 373
1056 1442 1132 1488 ubi
1173 1449 1326 1488 tamen
1353 1445 1598 1503 sequentia
1626 1457 1652 1488 e
1680 1442 1786 1489 dia-

193 1519 341 1558 metro
371 1510 587 1571 opposita
612 1509 857 1569 leguntur:
900 1510 1199 1570 „ardentibus
1237 1509 1390 1569 Regni
1417 1509 1638 1556 Ordinlim
1662 1512 1790 1558 votis

195 1579 505 1640 „subscripsit
541 1576 742 1638 denique
780 1577 948 1635 Greisa,
989 1584 1125 1639 atque
1167 1577 1306 1624 solito
1342 1580 1432 1622 ritu
1469 1593 1615 1624 vere
1641 1579 1790 1624 Anni

195 1648 373 1705 „1075.
404 1650 656 1690 coronatus
697 1644 784 1690 fuit
802 1679 814 1702 7
842 1650 891 1691 ut
919 1644 1035 1691 adeo
1062 1652 1193 1692 recte
1230 1644 1412 1691 tradant
1439 1645 1669 1692 Chronica
1694 1659 1791 1691 no-

196 1721 350 1773 „stra‚
392 1712 579 1758 Geisam
619 1711 796 1757 Ducem
836 1727 1085 1772 magnum7
1125 1712 1512 1774 compellentibus
1539 1713 1790 1773 Hungar1s„

196 1781 462 1839 „Coronam
488 1779 633 1838 Regis
662 1782 982 1840 suscepisse.“
1021 1780 1158 1837 Mox,
1197 1795 1315 1841 quae
1343 1783 1545 1826 asseruit
1571 1780 1790 1826 disertis—

196 1852 339 1897 simus
364 1847 520 1893 Palma
539 1881 551 1904 v
592 1848 740 1908 ipsius
769 1847 939 1893 Geisae
967 1846 1115 1894 firmat
1140 1847 1553 1893 Fundationalibus
1597 1846 1640 1905 d)
1672 1862 1792 1908 qua—

193 1931 295 1962 rum
330 1917 534 1961 initium:
574 1914 697 1973 Ego
739 1913 978 1973 Magnus
1018 1917 1111 1975 qui
1151 1922 1209 1959 et.
1249 1915 1447 1967 Geisa„
1489 1928 1791 1976 supremus

195 1983 601 2044 Hungarorum
653 1980 791 2038 Dux,
830 1988 1044 2042 postea
1081 1995 1224 2027 vero
1278 1983 1470 2041 gratia
1519 1981 1624 2027 Dei
1673 1980 1795 2026 Rex

198 2055 608 2098 consecratus.

953 2183 961 2193 .
1002 2149 1080 2197 86.

579 2149 948 2281 Οοηεῑιεῐιιᾶῖηῗ
972 2229 1112 2279 haud
1133 2234 1424 2294 interrupta.

340 2315 616 2364 Continuam
643 2318 797 2378 itaque
825 2316 870 2361 in
896 2316 1227 2378 prosequenda
1270 2315 1587 2362 Coronatioue
1624 2313 1796 2360 obser-

201 2386 406 2433 vantiam
434 2383 909 2432 animadvertentibus
938 2391 1101 2447 suapte
1140 2386 1276 2430 etiam
1313 2385 1610 2445 perspicuum
1635 2380 1798 2428 reddi-

203 2461 301 2500 tur:
343 2454 536 2509 Quoties
563 2453 732 2509 bonae,
761 2453 996 2513 antiquae,
1025 2458 1071 2498 et
1106 2451 1390 2514 approbatae
1432 2448 1797 2495 consuetudines

203 2522 399 2583 publicis
438 2520 656 2567 Decretis
693 2519 993 2567 confirmatae
1028 2519 1246 2578 fuerunt„
1288 2517 1412 2580 quod
1451 2525 1498 2565 et
1538 2517 1646 2563 olim
1684 2529 1798 2564 sae—

245 2633 278 2675 a)
304 2636 398 2668 idem
427 2637 506 2669 loco
533 2646 626 2669 nunc
655 2636 775 2671 citato.

243 2681 278 2719 b)
307 2682 389 2724 Cap.
413 2683 444 2716 3.
466 2683 549 2715 edit.
571 2683 729 2724 Horany.

243 2729 274 2765 c)
302 2729 434 2761 Clu-on.
457 2731 650 2763 Thuroczii
674 2733 710 2763 P.
736 2732 778 2762 Π.
805 2729 841 2761 C.
864 2726 920 2761 42.
945 2737 997 2769 ap.
1021 2726 1295 2760 seim-andium

246 2774 282 2817 d)
311 2776 375 2817 Op·
394 2777 452 2810 cit.
477 2786 507 2818 p.
530 2778 608 2811 375.
633 2793 679 2799 -—
704 2778 807 2819 ipsas
831 2785 918 2809 vero
940 2775 1096 2806 Litteras
1117 2775 1227 2807 Fund.
1254 2775 1306 2806 ed.
1332 2775 1425 2814 Pray
1450 2772 1551 2805 Hier.
1572 2768 1747 2812 Hung.‘1'.
1768 2768 1801 2800 1.
