1941 3143
190 99 285 150 106

295 222 344 251 eo
391 208 672 262 spectantibus
719 208 882 251 Castris
924 209 1111 250 Andreas
1151 205 1227 247 111.
1270 208 1311 259 ³)
1351 208 1532 251 Mathias
1566 209 1776 254 Corvinus

297 279 396 306 vero
428 268 615 318 Sponsae
647 278 746 306 suae
775 265 944 317 Georgii
976 263 1226 304 Podiebradi
1256 263 1363 305 filiae
1387 266 1575 307 Veterem
1606 268 1777 317 nudam,

296 323 604 376 Ditis-Gyen
645 322 840 374 Magnam
879 320 1061 361 Insulam
1103 319 1273 370 Csepel;
1343 320 1550 363 Cumanos
1590 325 1776 377 Regina-

296 380 380 427 les;
425 392 496 419 nee
528 392 611 418 non
652 385 808 430 septem
851 389 1072 418 aureorum
1116 376 1245 415 millia
1287 378 1464 430 singulis
1506 381 1627 420 annis
1668 394 1777 433 pen-

298 438 430 476 denda
449 436 492 487 b)
526 435 845 487 inscripserunt.
878 436 1094 475 Postrema
1125 433 1306 474 omnium
1338 448 1464 485 more,
1491 435 1668 490 jureque
1690 438 1777 477 Re·-

298 494 486 542 ginarum
518 492 670 539 Maria,
702 492 906 531 Ludovici
937 492 988 532 ΙΙ.
1021 490 1132 531 thori
1163 490 1289 539 socia,
1322 491 1563 546 hujusmodi
1595 495 1708 534 Bona
1735 494 1776 533 in

297 552 431 588 dotem
474 555 694 588 consecuta
738 549 853 597 suit‚-
881 561 1048 600 eamque
1089 547 1386 598 amplissimam
1427 548 1512 604 jam
1557 564 1604 590 ex
1645 551 1776 602 pactis

297 604 577 656 nuptialibus,
620 618 721 656 quae
763 618 838 656 pro
882 604 966 644 filio
1010 604 1249 644 Vladislaus
1283 605 1332 644 ΙΙ.
1366 618 1455 646 cum
1487 607 1776 647 Maximiliano

298 663 476 702 Caesare
520 662 757 713 pepigerat;
798 667 957 702 auctam
1000 662 1175 702 subind'e
1216 661 1464 703 liberalitate
1507 665 1675 713 Mariti,
1707 664 1777 704 ubi

298 720 383 758 Rex
416 720 622 758 evasisset
640 721 696 769 θ),
729 719 774 758 In
809 721 942 759 dotem
976 718 1069 773 ajo,
1112 731 1202 758 nam
1235 718 1407 759 alterius
1439 722 1604 773 generis
1635 722 1776 760 muni-

296 776 503 824 ficentiae,
545 776 697 828 Regiae
737 775 918 830 Conjugi
959 775 1162 815 exhibitae
1194 776 1422 827 exemplum
1458 779 1592 817 adhuc
1629 791 1777 817 recen-

295 834 379 872 tius
403 833 524 872 Libri
546 833 665 885 Regii
698 838 906 873 ostentant
934 833 976 872 in
1002 833 1221 872 donatione
1242 833 1495 872 Ferdinandi
1518 834 1550 873 Ι.
1575 835 1631 874 A⁰
1653 835 1778 874 1527.

294 890 498 941 Strigonii
540 890 605 928 die
643 890 863 930 Dominieo
906 891 1095 941 proximo
1139 894 1233 940 post
1265 889 1414 928 festum
1451 890 1560 929 beati
1590 891 1780 930 Andreae

293 946 489 998 Apostoli
521 953 721 995 emanata,
756 960 834 998 quo
869 947 1110 987 Castrum
1144 946 1385 985 Verucze
1418 952 1692 996 vocatum,
1724 960 1780 987 ae

296 1003 505 1044 Curiam
537 1003 907 1043 Nobilitarem
944 1005 992 1043 in
1033 1002 1404 1042 Possessione
1433 1002 1778 1056 Postahegye

294 1059 468 1100 simul
500 1072 610 1100 cum
641 1058 1355 1111 omnibusOppidis‚VilliS‚
1387 1061 1778 1110 possessioni-

295 1118 390 1156 bus
437 1116 703 1156 Consorti
749 1129 883 1156 suae
927 1118 1113 1156 Annae
1160 1115 1427 1168 Reginae,
1479 1117 1776 1169 ipsiusque

292 1172 642 1224 haeredibus,
675 1178 722 1213 et
752 1173 1180 1226 posteritatibus
1201 1173 1471 1214 universis
1494 1175 1695 1215 confert
1715 1174 1774 1228 ὖ).

914 1282 922 1292 .
967 1249 1076 1295 127.

605 1332 716 1378 Dos
751 1249 1061 1390 Reqzffzarnm
1097 1328 1361 1376 hodierna.

319 1414 489 1460 Harum
515 1413 701 1459 interim
726 1428 880 1459 rerum
908 1414 1107 1460 omnium
1133 1411 1254 1458 bene
1275 1412 1370 1469 jam
1399 1410 1472 1457 diu
1490 1410 1677 1458 diversa
1704 1418 1778 1458 est

178 1483 322 1529 ratio:
361 1483 493 1528 Bona
520 1481 732 1541 Reginae
759 1483 979 1543 propria,
1020 1482 1109 1526 etsi
1146 1479 1259 1525 nihil
1303 1479 1485 1537 obstet,
1526 1480 1774 1541 quominus

176 1551 285 1596 talia
312 1550 450 1595 modo
480 1551 618 1594 etiam
644 1548 817 1595 habere
847 1555 1001 1610 queat,
1041 1555 1233 1604 nostra,
1274 1547 1552 1608 Patrumque
1588 1562 1773 1593 memo-

174 1620 242 1664 ria
279 1617 404 1663 nulla
440 1618 688 1673 novimus,
743 1631 861 1677 quae
898 1618 1038 1676 igitur
1074 1630 1165 1661 nee
1206 1615 1400 1676 amplius
1441 1615 1543 1661 aliis
1571 1614 1769 1660 confert.

174 1686 349 1731 Verum
389 1683 474 1730 dos
515 1683 728 1745 perinde,
770 1699 825 1729 ae
861 1684 1038 1729 reditus
1078 1697 1163 1744 pro
1205 1697 1316 1727 casu
1344 1697 1445 1727 cum
1470 1682 1620 1728 Vidua
1647 1681 1770 1727 forte

176 1752 420 1809 evaderet,
478 1753 628 1812 pactis
678 1751 967 1812 sponsalitiis
1019 1749 1399 1796 determinantur.
1439 1750 1664 1810 Alioquin
1713 1748 1770 1794 de

173 1819 399 1867 sumtibus
428 1818 485 1864 ad
512 1818 662 1864 aulam
687 1818 900 1879 Reginae
927 1833 1012 1881 pro
1042 1817 1265 1879 dignitate
1291 1817 1641 1863 sustentandam
1665 1816 1771 1863 Rex

170 1886 404 1951 providet.
443 1885 776 1945 Ignoraremus
815 1886 1021 1931 fortasse
1047 1887 1150 1946 ipsa
1178 1885 1298 1930 adeo
1326 1892 1540 1931 veterum
1581 1884 1770 1929 officio-

170 1970 271 2002 rum
296 1954 501 2010 nomina,
542 1956 632 1998 nisi
657 1960 956 1999 monumenta
982 1952 1146 1996 horum
1172 1953 1442 1996 memoriam
1481 1964 1773 1997 conservas-

172 2029 293 2078 sent,
332 2034 472 2066 unum
506 2018 813 2068 Cancellarii„
855 2021 895 2065 si
922 2019 1094 2064 demas.
1135 2018 1193 2063 Ut
1231 2020 1352 2063 enim
1394 2018 1640 2079 aliquando
1682 2018 1774 2062 hoc

172 2103 337 2136 munus
363 2087 776 2148 Veszprimienses
792 2087 1033 2148 Episcopi„
1062 2087 1185 2131 serie
1212 2100 1322 2130 raro
1352 2085 1595 2130 admodum
1620 2087 1775 2130 inter-

172 2164 324 2220 rupta,
371 2154 479 2201 inde
521 2154 574 2199 ab
614 2156 743 2200 initio
784 2170 885 2199 eum
928 2168 1079 2199 annuo
1124 2155 1480 2214 quingentarum
1518 2167 1776 2198 marcarum

178 2223 410 2286 stipendio
438 2223 652 2282 gessisse
681 2223 1031 2282 conspiciuntur
1056 2219 1128 2279 Ἴ
1168 2223 1230 2265 ita
1270 2220 1448 2266 titulum
1487 2234 1588 2265 eum
1622 2221 1776 2265 veteri

171 2293 381 2352 Reginas
410 2289 670 2335 coronandi
696 2289 951 2348 Privilegio
982 2289 1131 2346 (116)
1174 2287 1429 2333 adhucdum
1465 2289 1772 2332 retinuerunt.

229 2359 281 2410 *)
315 2355 523 2396 Profiteur
553 2355 652 2394 haee
683 2355 947 2405 apertissime
966 2354 1062 2394 Bela
1091 2354 1161 2394 IV.
1185 2354 1224 2407 ⁰)
1258 2353 1541 2403 „Ordinamus
1568 2352 1776 2403 —inquit

211 2446 243 2482 ³)
271 2444 402 2496 Enstat
427 2443 585 2504 desuper
612 2441 700 2483 orig.
735 2442 898 2485 Chirogr.
926 2444 1016 2476 And.
1044 2444 1104 2476 111.
1132 2443 1167 2474 in
1194 2442 1351 2484 Diplom.
1377 2441 1510 2474 Stiriae
1536 2442 1630 2474 inter
1661 2441 1773 2474 Seco-

211 2536 245 2575 b)
274 2491 512 2568 {liet‘lffllildxthl
533 2489 611 2577 1323.
640 2535 822 2577 Kaprinay
855 2537 947 2569 Hist.
987 2536 1081 2578 Dipl.
1108 2539 1213 2578 temp.
1241 2535 1401 2568 Mathiae
1428 2534 1470 2568 de
1492 2533 1642 2575 Hunyad
1668 2534 1706 2566 Ρ.
1731 2535 1773 2568 11.

213 2628 246 2671 ο)
273 2579 542 2661 'f'a1317glatri1u
571 2627 693 2661 Contr.
717 2637 821 2670 quam
851 2628 934 2660 Litt.
957 2629 1041 2662 Lud.
1067 2630 1110 2662 11.
1135 2629 1204 2661 hoc
1236 2628 1271 2659 in
1292 2627 1410 2660 merit.
1442 2627 1510 2661 dat.
1544 2635 1589 2659 ex
1622 2626 1713 2667 orig.
1737 2626 1774 2658 in

277 2676 374 2728 Aug..
401 2675 505 2708 Dom.
531 2675 659 2707 Tabul.
686 2676 843 2718 reperit,
880 2675 971 2708 edid.
1006 2674 1132 2709 Kollar
1166 2677 1199 2709 in
1239 2675 1344 2708 Auct.
1389 2675 1483 2717 Dipl.
1523 2673 1567 2706 ad
1602 2672 1774 2706 Ursinum

212 2766 246 2805 d)
276 2721 632 2810 {ssllfflll'nographm

216 2813 250 2857 ο)
274 2814 606 2906 lsselgiipiopi.4quod
629 2824 649 2850 e
670 2816 876 2851 Transumt.
908 2815 1015 2851 Auth.
1053 2815 1144 2851 edid.
1163 2816 1267 2850 Auct.
1286 2812 1451 2858 Disquis.
1470 2812 1514 2849 de
1532 2813 1623 2847 Jure
1647 2817 1770 2846 coron·
