1941 3143
181 51 274 100 186

177 166 333 226 potius
372 177 570 211 assensu
611 165 656 211 in
696 163 848 225 Regni
902 177 1087 226 quoque
1128 162 1334 213 Comitiis
1377 168 1416 229 ⁸)
1460 167 1767 226 ratihabitam,

179 235 332 293 itaque
359 232 499 293 legali
528 233 806 278 auctoritate
830 234 942 277 citra
961 235 1335 279 controversiam
1352 237 1585 283 vestitam.
1604 243 1766 298 aperte

176 299 407 361 refragari
435 302 689 360 experior:
719 301 929 360 quamvis
957 302 1121 345 iterum
1147 299 1268 346 ultro
1287 335 1299 346 .
1325 301 1617 364 libenterque
1645 317 1767 349 con·-

178 370 337 415 cedam
357 403 369 426 ,
409 373 663 429 suppetere
689 381 784 411 non
813 367 934 411 levia
961 368 1191 412 rationum
1218 377 1474 419 momenta.
1516 386 1634 431 quae
1661 385 1767 416 mu-

178 452 263 483 nus
292 437 507 499 Supremi
555 433 745 480 Comitis
780 433 1139 481 haereditarium
1166 437 1378 495 integrae
1420 438 1643 501 deinceps
1670 439 1766 484 Fa-

177 506 329 551 miliae
360 504 521 564 largiri
551 504 701 549 minus
728 503 1018 565 persvadere
1045 505 1324 567 potuissent.

233 585 282 640 *)
315 585 547 625 Articulum
579 584 706 625 istum
738 592 894 636 contra,
927 592 1046 638 atque
1072 587 1189 627 multi
1215 588 1411 628 hactenus
1437 601 1607 628 erronee
1634 587 1768 629 inter-

289 642 582 694 pretabantur,
614 643 851 683 nullatenus
895 645 949 684 de
997 644 1195 684 honore
1237 644 1496 686 Comitum
1538 647 1766 687 Provin-

289 700 535 749 cialium‚
576 712 665 740 seu
699 703 1078 752 Supremorum
1111 701 1377 743 Comitum
1417 703 1540 744 alicui
1571 703 1769 745 Familiae

289 757 519 810 largiendo,
551 771 692 797 verum
733 760 781 798 de
813 758 1083 798 translatione
1115 758 1346 799 Comitatus
1389 761 1539 813 integri
1570 775 1644 813 per
1676 775 1769 802 mo-

288 816 384 855 dum
414 814 628 863 Haeredii,
661 816 885 856 dominiive
918 816 958 854 in
992 815 1165 855 alterius
1198 817 1493 868 proprietatem
1528 818 1771 870 intelligen-

289 874 384 912 dum
416 884 522 920 esse,
555 885 671 912 nemo
705 874 774 924 qui
806 879 1009 913 vetustam
1042 873 1157 912 novit
1188 873 1421 921 historiam,
1454 874 1657 914 dubitabit
1678 888 1771 915 am-

291 929 425 982 plius,
471 929 658 981 clareque
699 931 739 970 id
782 936 892 981 patet
932 943 979 969 ex
1021 929 1210 969 adductis
1244 943 1316 981 per
1355 930 1413 970 M.
1448 930 1497 970 G.
1530 931 1770 972 Kovachich

291 987 581 1037 monumentis,
613 986 681 1039 qui
709 987 861 1040 dignus
893 993 971 1037 est,
1003 992 1046 1026 ut
1078 986 1119 1025 in
1151 999 1236 1026 rem
1270 986 1463 1027 audiatur
1483 988 1544 1042 ¹¹).

870 1076 917 1132 ᾗ.
959 1077 1071 1123 255.

291 1160 372 1207 Vel
392 1160 599 1214 libero&
639 1173 699 1205 ac
724 1150 948 1217 maj0res
983 1160 1136 1208 Bulla
1175 1175 1333 1208 aurea
1360 1161 1669 1208 aboleverit?

311 1243 437 1289 Idem
466 1243 522 1289 de
548 1243 777 1289 Dominiis
803 1258 898 1289 non
924 1246 1083 1304 utique
1120 1245 1394 1305 integris
1419 1244 1459 1289 R
1479 1259 1548 1304 eg
1566 1246 1623 1290 ni
1662 1243 1771 1291 Co-

177 1311 423 1359 mitatib
441 1325 509 1358 us
536 1325 638 1357 cum
663 1310 882 1372 proedria
917 1311 1052 1356 liberi
1079 1312 1300 1369 majoris,
1340 1326 1395 1356 ac
1430 1315 1645 1373 perpetui
1671 1312 1771 1359 Co-

178 1382 300 1426 mitis
331 1380 514 1426 collatis
562 1379 855 1426 sentiendum
892 1386 977 1424 est.
1019 1379 1132 1434 Quis
1160 1380 1281 1425 enim
1320 1379 1510 1435 credet,
1550 1378 1594 1426 id
1619 1379 1772 1440 Regni

180 1448 429 1495 Ordinibus
470 1448 682 1507 nuspiam
723 1445 1082 1492 reclamantibus
1107 1481 1119 1503 ,
1170 1461 1254 1508 per
1294 1447 1452 1493 secula
1497 1449 1772 1494 intemerate

181 1518 463 1572 consistere,
491 1521 568 1560 aut
593 1515 731 1561 novis
760 1528 946 1576 semper
973 1514 1201 1575 exemplis
1248 1513 1511 1561 confirmari
1537 1517 1770 1577 potuisse,

181 1584 305 1647 quod
341 1581 603 1643 legibus
641 1581 1225 1628 fundamentalibus
1268 1597 1293 1628 e
1330 1582 1554 1628 diametro
1596 1583 1772 1629 adver-

181 1654 275 1700 sari
303 1650 593 1696 credebatur.
634 1649 827 1706 Quando
867 1648 1002 1695 nobis
1030 1663 1125 1695 non
1163 1649 1331 1696 desunt
1366 1650 1641 1696 documenta
1670 1652 1774 1696 sin-

181 1735 317 1776 cera,
357 1733 476 1780 quae
519 1717 852 1780 comprobant,
889 1716 1155 1778 proedriam
1192 1717 1328 1763 liberi
1356 1717 1547 1764 Comitis
1574 1718 1775 1764 illustri—

181 1788 267 1834 bus
293 1787 421 1833 Viris
439 1821 451 1844 ,
492 1785 548 1831 ad
582 1785 814 1831 haeredes
855 1787 1153 1831 transituram
1174 1819 1187 1841 ,
1224 1785 1363 1847 plane
1401 1785 1690 1846 petentib
1707 1800 1735 1829 u
1752 1798 1773 1830 s

178 1856 347 1918 ipsis
388 1853 679 1900 Comitiis
707 1867 816 1914 per
840 1853 1050 1913 Reges
1077 1852 1279 1898 fuisse
1307 1853 1622 1909 tributam,
1651 1867 1774 1914 quo—

176 1938 278 1969 rum
304 1922 500 1968 alterum
527 1922 573 1966 in
612 1919 935 1966 Gubernatore
962 1919 1236 1980 Hunyadio,
1276 1919 1471 1964 alterum
1496 1922 1542 1964 in
1575 1919 1772 1965 Nicolao

177 1990 354 2052 Palffyo
396 1989 556 2034 eluxit.
611 1988 681 2032 De
719 1989 973 2048 posteriori
1023 1986 1243 2031 articulus
1263 2020 1275 2043 ,
1326 1986 1477 2031 codici
1516 1986 1773 2033 domestico

179 2061 384 2105 insertus
427 2056 468 2114 ²)
499 2053 635 2100 fidem
662 2054 817 2100 solvit.
848 2055 936 2099 Pro
965 2054 1111 2115 priori
1136 2068 1253 2099 vero
1284 2053 1340 2099 ad
1367 2053 1484 2099 hanc
1510 2054 1773 2114 gentilitio—

178 2142 279 2173 rum
305 2125 571 2185 Magnatum
599 2123 799 2168 classem
827 2121 1072 2168 evehendo
1102 2129 1256 2167 exstat
1291 2121 1590 2183 postulatum,
1613 2123 1774 2183 paucis

179 2195 384 2241 fortasse
413 2192 666 2251 cognitum,
693 2191 1022 2235 universorum
1043 2187 1472 2250 Regnicolal·un1‘'“‘)
1501 2189 1564 2235 A⁰
1612 2190 1775 2248 1453.,

179 2263 371 2310 Posonii
399 2265 821 2320 congregatorum,
862 2257 917 2303 ad
943 2258 1123 2318 Regem
1150 2257 1427 2303 Ladislaum.

238 2355 288 2411 ἦε)
320 2356 353 2395 Ε
395 2355 616 2408 prolixiori
669 2355 948 2396 Instrumento
980 2354 1051 2409 d),
1097 2368 1176 2408 quo
1222 2354 1367 2407 petitio
1413 2354 1495 2394 ista
1538 2354 1589 2393 ad
1627 2353 1778 2408 Regem

297 2413 518 2465 dirigitur,
565 2412 767 2461 sufficiet,
826 2426 925 2464 quae
968 2418 1221 2465 sequuntur,
1266 2423 1503 2463 excerpere:
1552 2410 1777 2460 „Veientes

296 2470 456 2523 „igitur
487 2470 617 2509 eidem
649 2469 826 2509 Domino
857 2471 1150 2520 Gubernatori,
1183 2470 1306 2510 sicuti
1329 2469 1413 2521 ipsi
1444 2480 1542 2508 suae
1565 2467 1778 2508 electionis

297 2528 366 2577 „in
400 2527 728 2567 Gubernatorem
775 2533 958 2580 tempore
1005 2533 1176 2580 sponte,
1222 2525 1488 2578 unanimique
1534 2530 1630 2566 voto
1672 2538 1778 2578 pro-

221 2633 255 2668 ι”)
284 2632 384 2665 1687.
414 2634 469 2666 10.

222 2680 258 2720 b)
285 2679 410 2718 Ejusd.
442 2681 600 2712 Monuni.
629 2683 699 2710 vet.
734 2679 886 2720 legislat.
924 2678 1031 2720 hung.
1067 2681 1165 2713 Sect.
1205 2682 1238 2714 1.
1273 2679 1372 2712 Mon.
1401 2679 1431 2711 1.
1468 2688 1500 2720 p.
1534 2676 1587 2709 15.
1620 2693 1665 2698 ——
1692 2675 1778 2708 item

292 2727 407 2766 ejusd.
432 2728 532 2758 notit.
552 2726 718 2758 Comitat.
740 2736 770 2767 p.
794 2726 850 2759 65.
875 2729 912 2757 et
938 2734 1013 2767 seq.

230 2775 261 2809 ο)
290 2773 391 2806 1599.
420 2771 474 2805 48.
500 2772 529 2814 5.
554 2772 587 2804 4.

226 2818 262 2864 d)
289 2819 527 2865 Quotiexstat
549 2820 585 2853 iu
612 2817 806 2860 Diplomat.
831 2814 1113 2859 szeehe'nyiano.
