1941 3143
1652 116 1711 161 51

190 223 238 278 ³)
269 223 413 264 Utrum
470 224 569 263 haec
608 223 769 264 tardius
800 225 992 277 adoptata
1032 221 1288 274 negotiorum
1329 222 1370 261 in
1412 222 1579 263 circulis
1612 237 1713 276 per-

245 281 432 321 tractatio
474 281 663 320 celeriori
703 282 871 321 Diaetae
916 279 1106 320 decursui
1151 279 1410 327 convenerit,
1457 280 1718 332 singulorum

244 338 375 389 Regni
406 336 612 377 Ordinum
643 338 747 378 Jura
787 352 868 377 non
907 337 1122 383 minuerit,
1164 358 1216 362 ——
1248 342 1292 375 ut
1323 342 1505 385 caetera,
1571 338 1716 377 morali

247 400 434 434 votorum
476 394 653 434 libertati
695 397 894 443 adversa,
940 406 1020 434 non
1066 392 1275 442 adferam,
1307 416 1359 423 —
1400 394 1717 444 praeteritorum

246 451 473 490 recordatio
513 452 673 491 abunde
719 453 925 501 ostendit,
970 455 1008 491 et
1054 450 1241 500 animuS,
1287 462 1311 489 a
1354 450 1533 501 partium
1581 451 1719 491 studio

255 514 451 558 remotus,
485 507 603 549 facile
635 507 893 564 dijudicabit.

826 634 875 690 §.
914 634 1024 682 403.

522 733 640 779 Cum
673 732 826 791 plena
863 741 1092 778 votorum
1126 730 1363 776 libertate.

266 829 319 874 In
356 828 426 874 his
465 828 675 875 omnibus
711 827 1012 875 discutiendis
1055 829 1303 888 unicuique
1336 826 1542 873 membro
1570 829 1722 873 comi-

139 897 233 942 tiali
272 899 500 955 integrum
530 903 618 953 est,
657 911 783 942 suam
822 895 1000 953 libere,
1041 895 1262 940 decenter
1300 902 1481 951 tamen,
1534 901 1581 939 et
1620 897 1721 940 sine

138 966 405 1022 cujusquam
447 964 722 1008 contumelia
762 965 1039 1008 Sententiam
1078 962 1367 1023 depromere.
1431 961 1482 1006 In
1521 969 1717 1022 utraque

141 1030 312 1075 Tabula
342 1030 514 1086 majora
544 1029 837 1085 concludunt,
865 1029 921 1075 ad
946 1036 1058 1076 vota
1089 1029 1376 1089 singulorum
1402 1043 1496 1074 non
1525 1043 1725 1089 semper,

141 1105 186 1141 et
215 1097 320 1141 olim
346 1099 495 1142 rarius
523 1097 669 1142 adhuc
695 1096 1052 1157 procedebatur,
1092 1111 1181 1156 quo
1221 1098 1342 1141 enim
1377 1098 1534 1156 potior
1580 1111 1727 1157 prae-

140 1165 336 1208 sentium
372 1177 479 1222 pars
504 1164 799 1224 propendere
835 1163 1036 1219 videtur,
1076 1166 1250 1208 caeteri
1292 1165 1429 1208 etiam
1456 1177 1540 1207 suo
1574 1164 1726 1208 silen-

142 1233 201 1274 tio
252 1229 503 1275 creduntur
542 1230 907 1291 comprobasse3
969 1231 1058 1274 nisi
1104 1229 1226 1275 forte
1275 1232 1336 1275 ita
1370 1229 1602 1290 disparata
1635 1233 1727 1276 sint

140 1295 372 1353 suffragia,
411 1303 458 1341 ut
495 1311 589 1341 non
628 1298 763 1341 facile
807 1299 850 1341 in
901 1296 1197 1341 concordiam
1246 1299 1463 1343 revocari
1510 1300 1723 1357 possint3

140 1376 229 1421 quo
270 1364 314 1406 in
344 1376 453 1407 casu
486 1362 542 1408 ad
569 1363 788 1408 Tabulam
829 1363 1009 1421 quidem
1035 1363 1302 1422 Magnatum
1340 1364 1599 1408 Janitorum
1626 1366 1728 1410 Re—

139 1429 308 1487 galium
348 1428 574 1488 Magister
604 1437 715 1476 vota
752 1429 929 1488 colligit
953 1429 1018 1484 ἦ).
1082 1430 1219 1490 Apud
1259 1430 1480 1476 Tabulam
1516 1431 1727 1478 Statuum

138 1496 336 1541 Praeses
373 1495 490 1541 haec
528 1503 721 1554 notare,
760 1495 1020 1557 abindeque
1057 1497 1367 1557 pluralitatem
1415 1502 1728 1558 pronunciare

140 1562 273 1608 solet.

194 1644 244 1697 ἢεί)
277 1643 321 1682 Si
351 1656 472 1692 vero,
503 1665 559 1673 —
588 1650 724 1683 monet
754 1645 965 1686 Articulus
996 1644 1064 1685 25.
1115 1643 1303 1685 1495-
1323 1645 1432 1685 inter
1460 1645 1576 1696 ipsos
1609 1644 1734 1697 (puta

252 1700 478 1749 Praelatos,
510 1714 555 1740 ac
585 1701 794 1753 Barones)
829 1702 966 1752 aliqua
999 1702 1277 1751 discrepantia
1303 1702 1497 1751 oriretur,
1529 1702 1733 1754 Magister

254 1756 489 1796 Janitorum
525 1762 661 1795 votum
705 1755 927 1809 cujuslibet
969 1756 1213 1810 singillatim
1255 1758 1466 1809 exquirat,
1511 1765 1555 1797 ut
1585 1759 1732 1798 saltem

255 1813 313 1851 sic
346 1826 419 1864 per
451 1813 693 1852 sententiam
717 1814 898 1852 sanioris
930 1814 1061 1865 partis
1094 1814 1143 1852 ad
1167 1814 1374 1863 unionem,
1406 1821 1444 1854 et
1469 1816 1731 1855 concordiam

253 1869 514 1908 reducantur.
550 1869 662 1915 Quae
702 1871 938 1920 posteriora
970 1870 1109 1919 verba,
1149 1871 1244 1921 quid
1289 1870 1400 1910 aliud
1443 1871 1523 1910 sibi
1556 1871 1732 1912 volunt?

258 1937 375 1976 quam
407 1930 471 1974 ut,
514 1926 667 1965 auditis
699 1926 972 1966 validioribus
1005 1928 1280 1978 argumentis,
1327 1927 1469 1967 sanior
1508 1928 1735 1980 triumphet

255 1982 457 2020 sententia
486 1983 594 2033 apud
627 1994 697 2021 eos
728 1983 876 2032 etiam,
918 1983 987 2035 qui
1018 1989 1136 2022 antea
1175 1983 1294 2022 aliter
1326 1985 1582 2033 sensissent,
1616 1985 1733 2024 salva

256 2043 446 2077 votorum
477 2038 726 2090 pluralitate.
768 2039 910 2090 Neque
942 2039 1047 2079 enim
1090 2039 1176 2079 ulla
1207 2041 1436 2092 expeditior
1475 2043 1580 2081 ratio
1615 2041 1733 2083 con-

257 2093 504 2135 sultationes
536 2095 717 2147 plurium
749 2096 800 2135 ad
831 2097 1017 2136 effectum
1049 2096 1277 2138 deducendi
1308 2105 1584 2150 supermanet0

829 2223 875 2278 ἓ.
916 2225 1026 2272 404.

480 2320 556 2364 De
586 2330 754 2367 mutua
780 2323 1010 2368 Statuam
1043 2322 1398 2369 corr-elatione.

285 2428 414 2475 Ultra
450 2431 543 2487 illa,
596 2448 713 2493 quae
753 2435 1051 2479 memineram
1091 2434 1146 2479 de
1188 2434 1448 2481 Janitorum
1488 2434 1729 2494 Regalium

152 2494 401 2554 Magistro,
439 2498 561 2543 nulla
600 2501 803 2560 positiva
843 2514 1003 2546 norma
1039 2501 1307 2560 colligendi,
1368 2502 1732 2562 numerandique

154 2562 368 2620 suffragia
391 2563 571 2622 legibus
597 2567 945 2626 praescribitur,
986 2581 1040 2612 ea
1069 2567 1366 2614 observantia
1396 2576 1548 2615 tamen
1574 2570 1730 2614 harum

153 2628 329 2686 Spiritui
357 2643 548 2688 prorsus
571 2639 904 2689 consentanea,
926 2639 974 2677 ut
991 2648 1091 2677 cum
1107 2634 1217 2681 nihil
1244 2636 1290 2683 in
1319 2637 1586 2683 conclusum
1612 2650 1732 2696 pos-

154 2696 211 2738 sit
240 2694 382 2749 abire,
423 2699 521 2741 sine
554 2700 791 2758 utrmsque
819 2699 1021 2745 Tabulae
1049 2702 1318 2758 concordia,
1345 2702 1479 2749 binae
1508 2702 1728 2759 Tabulae⁷

151 2762 195 2804 in
225 2775 341 2820 quae
366 2769 583 2808 votorum
610 2767 869 2822 maj01·itate
896 2768 1095 2812 seorsim
1135 2769 1351 2814 coalitum
1378 2778 1465 2827 est,
1506 2770 1591 2815 sibi
1625 2783 1730 2814 mu-

151 2832 230 2872 tuo
259 2831 611 2888 communicent,
648 2834 888 2896 utriusque
926 2832 1133 2894 corditio,
1171 2836 1211 2883 si
1249 2835 1385 2883 aliter
1419 2850 1515 2884 non
1551 2849 1729 2899 sequa-

1373 2904 1403 2949 4
1439 2900 1468 2928 a
