1941 3143
205 81 271 129 98

735 304 738 307 ,
817 254 1029 308 caput
1060 252 1194 297 111.

597 330 667 381 De
705 325 1051 382 Ornamentis
1092 324 1414 393 RegalibuS.

892 414 940 469 ὃ.
986 415 1094 460 118.

549 498 659 544 Huc
691 500 912 556 pertinet
951 496 1195 544 Diadema
1230 498 1450 554 Beyz‘um.

338 578 687 638 Inaugurationi
705 578 1005 640 peragendae
1029 579 1162 637 juxta
1196 581 1348 638 legum
1379 579 1733 640 praescriptum,
1752 583 1799 624 et

197 661 331 692 usum
357 654 628 693 ornamenta
641 648 820 706 regalia
837 647 920 705 (Τὸ
947 647 1164 702 βασιλικὸν
1189 644 1456 707 πάρασημου)
1483 647 1627 706 vulgo
1645 645 1798 704 Regni

199 714 424 761 Clenodia
465 714 789 771 subserviunt,
828 728 946 774 quae
974 712 1281 759 exsecrabilis
1322 712 1544 774 perfidia,
1584 720 1630 758 et
1665 712 1797 759 suror

197 782 529 828 seditiosorum
564 784 796 842 sacrilege
826 796 994 842 rapere
1030 796 1123 827 non
1157 780 1495 836 reformidavit,
1533 795 1587 824 ac
1612 779 1796 826 occulto

194 851 302 896 loco
337 850 592 896 abscondit.
634 850 684 895 In
714 849 784 895 his
823 851 1120 910 praecipuum
1147 849 1300 893 locum
1330 846 1553 892 Diadema
1582 854 1793 906 occupat.

198 917 325 979 Opus
369 933 393 964 e
442 918 616 963 duabus
658 919 876 973 coronis,
916 917 1060 961 altera
1102 916 1287 971 Latina,
1341 921 1386 959 et
1429 913 1574 957 altera
1615 912 1794 959 Graeca

196 988 505 1047 compositum
534 984 616 1043 ἦ).
657 985 778 1045 quod
814 991 921 1044 post
959 983 1231 1042 frequentes
1274 979 1655 1026 eruditorumad
1696 994 1794 1026 rem

196 1052 565 1114 disceptationes
613 1053 764 1097 clarus
804 1051 857 1095 ab
910 1049 1184 1095 eruditionis
1228 1047 1364 1094 laude
1404 1047 1600 1093 condam
1645 1047 1794 1093 Prae-

192 1123 375 1182 positus
437 1121 598 1165 Kollcr
662 1119 862 1164 classice
915 1117 1137 1178 explicuit
1189 1117 1247 1174 ὃ).
1321 1115 1483 1161 Latina
1533 1118 1634 1161 sive
1683 1128 1792 1175 pars

194 1188 353 1234 clausa
418 1187 735 1243 Diadematis,
798 1186 929 1243 cujus
984 1178 1191 1245 ἐπιγραφή
1241 1182 1372 1228 Latio
1422 1182 1641 1228 idiomate
1687 1188 1792 1227 sunt

194 1258 375 1311 omnia,
414 1258 515 1302 sine
547 1255 874 1300 controversia
902 1254 1136 1298 vetustior
1169 1258 1265 1307 est,
1318 1257 1364 1295 et
1402 1264 1488 1310 per
1534 1250 1790 1295 Romanum

191 1323 466 1369 Pontificem
519 1323 690 1368 Sancto
746 1319 984 1382 Stephano
1027 1318 1254 1364 submissa
1297 1316 1373 1374 ¹³),
1428 1319 1504 1376 qui
1543 1316 1630 1361 hac
1669 1330 1790 1361 anno

196 1393 342 1438 1000.
372 1393 675 1450 inauguratus
720 1389 778 1447 ⁰),
819 1388 992 1433 nomini
1020 1386 1190 1446 Regio,
1231 1384 1287 1430 ad
1325 1398 1633 1429 successores
1670 1397 1791 1445 pro-

189 1466 380 1519 pagato,
398 1461 573 1503 initium
592 1457 704 1502 fecit
745 1454 805 1513 d).
830 1454 1103 1500 Tardiorem
1121 1454 1312 1498 alterius
1329 1477 1396 1484 —
1413 1450 1623 1496 Graecae
1648 1450 1790 1497 vide-

189 1525 381 1571 licet—
394 1528 624 1585 originem
637 1525 986 1584 inscriptiones,
1007 1529 1144 1582 atque
1163 1520 1396 1578 Imagines
1414 1511 1616 1580 produnt
1633 1517 1667 1564 C
1683 1534 1709 1564 ο
1727 1533 1789 1564 n—

191 1595 444 1640 Stantini
493 1591 1027 1653 Porphyrogeniti,
1094 1595 1149 1633 et
1215 1585 1524 1632 Michaelis
1575 1586 1787 1632 Ducae

192 1660 396 1707 Orientis
422 1661 778 1719 Augustorum,
820 1658 990 1703 Geisae
1027 1659 1136 1702 item
1161 1656 1296 1716 primi
1328 1653 1595 1713 Hungariae
1621 1652 1788 1713 Regis,

191 1742 387 1789 quorum
426 1729 665 1789 posterius
704 1727 929 1772 nominati
968 1730 1122 1770 aetate
1147 1723 1422 1782 Protoregis
1460 1724 1620 1783 utique
1644 1720 1787 1766 multo

187 1795 364 1842 tardius
390 1798 628 1842 vixerunt.

245 1879 298 1933 ἤ)
330 1878 532 1929 Nuspiam
581 1875 743 1927 quidem
789 1878 973 1924 prostat,
1027 1876 1098 1911 aut
1140 1871 1280 1923 colligi
1321 1876 1481 1923 potest,
1529 1869 1785 1921 quandonam

302 1935 457 1975 Latina
488 1935 530 1973 in
565 1933 764 1972 Graecam
795 1930 899 1968 hanc
930 1934 1128 1979 apertam,
1160 1941 1206 1966 ac
1237 1928 1427 1966 latiorem
1449 1927 1607 1966 inserta
1637 1925 1787 1974 fuerit3

301 1992 344 2031 id
376 1998 511 2030 tamen
554 1989 830 2028 indubitatum
865 1984 918 2033 fit,
952 1984 1154 2024 Friderici
1184 1982 1259 2022 ΙΙΙ.
1290 1982 1559 2035 Imperatoris
1594 1982 1787 2021 testimo-

300 2049 373 2088 nio
399 2047 465 2101 ⁰),
498 2046 547 2085 ab
579 2043 819 2085 Elisabetha
859 2041 1020 2081 Albcrti
1053 2040 1202 2089 vidua,
1245 2040 1378 2091 qualis
1418 2039 1540 2080 hodie
1573 2051 1593 2078 e
1625 2038 1786 2078 duabus

300 2104 475 2146 conflata
508 2103 673 2152 visitur,
705 2100 839 2140 fuisse
872 2098 1202 2150 oppignoratam.

879 2189 926 2243 ὃ.
975 2188 1084 2234 119.

498 2277 602 2331 Quo
630 2273 767 2320 divus
795 2273 1051 2319 Protoreoe
1074 2268 1335 2315 redimitus
1352 2271 1465 2328 suit.

326 2362 428 2410 Sint
451 2373 569 2406 vero
598 2361 687 2404 ista
712 2363 975 2416 utcunque:
1012 2352 1219 2399 Eandem
1259 2352 1418 2398 Sancti
1444 2348 1667 2412 Stephani
1693 2362 1782 2395 co-

226 2477 259 2513 a)
285 2475 389 2507 Edita
411 2475 502 2510 sing.
531 2472 729 2504 Connnent.
754 2472 797 2502 de
824 2479 929 2501 sacra
951 2469 1040 2510 Reg.
1062 2467 1196 2499 Coron.

222 2526 259 2568 b)
287 2524 397 2554 Teste
417 2521 604 2551 Ditlnnaro
624 2519 852 2558 Merseburg.
885 2516 1006 2557 Episc.
1028 2515 1129 2547 Sacc.
1152 2514 1213 2545 Χῐ.
1255 2510 1442 2559 Sci-iptore
1484 2510 1575 2551 apud
1604 2506 1782 2541 Leibnicz.

287 2570 421 2609 Script.
444 2576 513 2598 rer.
539 2568 696 2599 Brnnsv.
718 2566 757 2597 T.
788 2565 812 2596 1.
836 2574 865 2604 ρ.
891 2563 973 2595 360.
996 2581 1042 2586 ——
1066 2560 1230 2592 Hartvic.
1257 2558 1339 2590 edit.
1368 2559 1472 2597 Pray.
1492 2566 1523 2598 p.
1545 2556 1623 2589 130.
1643 2559 1681 2588 et
1702 2564 1783 2596 seq.

289 2632 330 2638 —-
358 2614 444 2646 Cod.
470 2613 573 2644 miss.
599 2615 682 2646 Pus.
712 2612 816 2644 Saec.
839 2610 936 2642 Xlll.
962 2619 1014 2650 ap.
1040 2608 1165 2639 Kolter
1191 2607 1225 2638 in
1245 2605 1343 2637 Hist.
1368 2605 1491 2646 Episc.
1529 2602 1783 2645 Quinqueeccl.

229 2708 262 2750 c)
288 2706 452 2741 Hartvici
483 2716 512 2746 p.
536 2705 614 2738 121.
640 2710 675 2738 et
698 2706 806 2737 Miss.
826 2705 910 2736 Pos.
934 2702 999 2743 Op.
1022 2698 1166 2733 indicati
1189 2707 1221 2739 p.
1242 2694 1322 2729 402.

225 2757 259 2798 d)
285 2756 438 2789 Fundat.
464 2753 500 2783 S.
537 2753 646 2793 Regis
676 2762 741 2794 pro
771 2753 929 2784 Monast.
957 2744 1164 2781 Pecsvarad
1188 2744 1297 2785 elarg.
1327 2752 1380 2785 ap.
1404 2742 1543 2775 Katona
1576 2741 1673 2775 Hist.
1702 2739 1782 2773 crit.

229 2847 264 2891 e)
290 2799 537 2883 {odai-'lizi
553 2844 649 2886 Dipt,
669 2844 749 2877 Jur.
767 2843 865 2877 Patr.
885 2850 939 2884 ap.
960 2840 1049 2881 Reg.
1068 2838 1189 2880 flung.
1210 2845 1243 2879 p.
1266 2835 1323 2870 27.
