1941 3143
1576 79 1666 126 137

91 191 349 248 bibendi,
387 192 641 246 constituit„
680 189 888 236 habenda
919 191 1243 252 ριόηιιηοίειηῐθ
1282 188 1336 234 Ηί
1362 190 1440 235 vel
1479 189 1671 236 direc-

91 266 205 305 tum
259 258 624 312 dominium,
684 256 789 301 huic
840 259 1127 318 oppositum,
1189 269 1289 300 cum
1351 258 1670 313 eminenti,

91 325 223 371 nobis
262 325 367 371 loco
397 325 587 385 speciali
614 325 968 386 pertractando„
1008 323 1294 370 confundunt
1319 321 1391 380 'Q
1429 325 1492 367 uti
1519 323 1672 368 Pseu-

93 392 318 453 donymus
357 392 585 437 Eusebius
625 392 828 437 Verinus
870 393 930 449 Ἲς,
970 398 1017 437 et
1055 391 1213 437 Kollar
1254 389 1329 447 1’);
1369 389 1447 435 vel
1475 389 1530 435 ob
1558 404 1673 435 onus

93 458 331 515 militandi,
370 458 667 504 Nobilitalem
694 461 938 515 manentis7
978 465 1024 503 et
1050 461 1154 519 quia
1183 459 1459 503 donationes
1493 455 1673 502 bellicis

92 528 380 588 potissimum
421 526 655 571 laboribus
699 525 1053 582 emerebanturff
1092 541 1172 571 eas
1211 524 1335 570 feudi
1362 532 1570 570 naturam
1595 526 1674 570 in—

95 594 250 640 duisse
277 594 582 640 conclamant.
611 608 745 654 quem
772 607 980 638 errorem
1017 593 1194 654 Prayus
1237 594 1277 650 ⁶)
1307 607 1408 637 cum
1439 590 1588 652 Koppi
1630 589 1673 650 d)

96 668 320 707 errarunt..
360 660 450 707 Vel
476 661 673 722 denique
702 659 757 705 ad
794 659 911 705 hanc
939 674 1067 706 suam
1103 663 1368 721 opinionem
1396 658 1677 715 firmandam,

97 728 366 774 attrahendo
406 743 466 773 ex
503 730 558 773 iis
593 730 789 773 maxima
824 730 1024 784 minima
1063 743 1180 787 quae
1215 727 1350 772 nobis
1386 740 1487 770 cum
1527 726 1677 772 feudis

97 798 403 852 conveniunt7
442 795 659 840 haeredia
709 801 869 839 nostra
916 809 999 855 pro
1047 795 1246 855 perfecti
1284 796 1482 839 nominis
1526 793 1677 839 feudis

98 862 283 908 habent.
322 863 421 918 Quo
463 865 509 908 in
550 861 900 922 argumentandi
939 876 1117 921 genere
1157 861 1350 907 illustris
1390 862 1676 920 Piringerus‚

99 932 169 974 vir
195 930 422 988 elegantis
448 932 638 989 ingenii‚
665 937 801 989 atque
827 929 1144 990 profundioris
1169 954 1238 962 —-
1255 930 1369 974 citra
1393 936 1680 974 controver-

101 999 215 1041 siam
239 1022 306 1029 —-
331 996 601 1042 eruditionis
627 999 900 1056 praeprimis
929 997 1150 1042 excelluit
1192 998 1249 1055 θ).

154 1077 203 1128 ³⁶)
239 1076 487 1117 Adfirmabat
518 1077 736 1128 aliquando
769 1102 821 1107 —
852 1090 934 1115 non
976 1078 1065 1116 sine
1097 1077 1253 1116 invidia
1286 1102 1336 1108 —
1368 1077 1517 1116 Kollair
1547 1078 1682 1117 nemi-

210 1145 299 1170 nem
333 1135 380 1171 de
412 1134 682 1183 popularibus
716 1133 871 1172 nostris
905 1146 1020 1181 esse,
1062 1134 1131 1184 qui
1161 1133 1202 1173 in
1233 1133 1441 1173 haerediis
1474 1135 1562 1173 suis
1596 1136 1684 1172 dn-

211 1189 430 1227 minium
466 1190 723 1237 eminens,
757 1196 806 1228 et
838 1190 1148 1230 absolutum
1182 1203 1225 1229 se
1257 1190 1405 1229 habere
1436 1203 1515 1229 non
1549 1192 1685 1230 arbit-

211 1250 345 1291 retur3
376 1257 448 1283 nec
479 1258 560 1283 non
591 1245 688 1284 alibi
733 1247 991 1294 „certissime
1024 1270 1073 1276 —
1108 1247 1240 1298 inquit
1271 1269 1323 1275 —
1356 1247 1514 1286 discent
1544 1249 1685 1298 Arpa-

210 1301 334 1349 „dum
355 1301 580 1340 contulisse
600 1301 775 1352 quidem,
802 1308 844 1340 ut
867 1302 979 1352 loqui
999 1315 1196 1352 amamus,
1230 1304 1503 1343 dominium
1538 1305 1685 1354 utile,

213 1359 312 1407 „sed
344 1358 605 1406 eminens,
648 1363 697 1396 et
738 1358 997 1397 directum
1042 1360 1146 1407 sibi,
1190 1360 1231 1398 id
1264 1365 1325 1399 est
1362 1361 1485 1400 Genti
1516 1361 1685 1413 hunga-

212 1415 349 1463 „ricae
380 1415 618 1461 universae,
651 1412 770 1467 cujus
803 1415 1005 1454 bonorum
1038 1416 1279 1455 administer
1311 1416 1444 1455 solum
1478 1423 1577 1467 erat,
1616 1432 1687 1457 re-

212 1471 446 1518 ‚,tinuisse‘⁴
474 1471 526 1524 s).
558 1471 648 1510 Non
683 1471 832 1510 latebat
865 1472 1047 1522 profecto
1081 1472 1203 1521 olim,
1236 1472 1372 1511 minus
1404 1479 1538 1512 autem
1571 1476 1691 1513 modo

150 1543 157 1549 ¹
214 1527 319 1579 sugit
360 1528 550 1567 concives
593 1541 731 1577 meos,
777 1529 927 1568 studiis
961 1529 1024 1568 vel
1070 1529 1193 1581 paulo
1239 1529 1452 1569 liberalius
1496 1531 1691 1578 imbutos,

211 1585 436 1624 dominium
476 1585 657 1624 eminens
698 1585 775 1624 toti
808 1585 1000 1633 Civitati,
1053 1586 1225 1637 indeque
1268 1599 1427 1626 summo
1467 1587 1692 1639 Imperanti

212 1643 261 1680 ad
296 1655 414 1681 usum
442 1642 649 1693 publicum
681 1642 722 1680 in
745 1643 973 1681 communis
1007 1642 1154 1682 salutis
1178 1637 1422 1682 necessitate
1446 1651 1691 1696 competere.

213 1699 290 1737 Ast
321 1699 432 1738 istud
463 1711 544 1737 non
577 1699 733 1747 obstat,
781 1700 875 1749 quin
916 1700 1067 1749 privati
1111 1699 1335 1738 dominium
1369 1700 1559 1750 plenum,
1603 1703 1691 1741 sive

216 1755 412 1794 directum
434 1754 557 1793 simul
589 1768 678 1794 cum
712 1755 804 1794 utili
838 1755 876 1793 in
900 1755 1108 1806 republica
1133 1756 1231 1794 bene
1261 1756 1449 1794 ordinata
1474 1757 1692 1797 habuerint

216 1812 362 1861 quovis
394 1817 576 1862 tempore
597 1811 638 1850 in
670 1811 793 1851 rebus
819 1812 922 1860 suis,
951 1811 1066 1864 justo
1099 1812 1218 1851 titulo
1245 1813 1507 1863 comparatis,
1538 1827 1689 1853 secun-

209 1868 304 1906 dum
347 1867 448 1907 illud
494 1869 668 1907 Senecae
691 1870 734 1917 ⁸)
783 1870 883 1916 „Ad
927 1868 1100 1919 Reges
1144 1874 1402 1919 potestas
1460 1871 1687 1911 omnium

210 1925 512 1976 ,‚pertinet‚
545 1926 604 1964 ad
637 1925 890 1977 singulos
923 1925 1296 1976 proprietas.“

798 2014 845 2070 ὃ.
892 2016 999 2061 184.

238 2096 536 2151 Quibusdam
563 2096 797 2156 analoyz's
824 2098 1074 2143 attributas·
1107 2111 1210 2144 non
1238 2099 1556 2146 obelante'bus.

240 2178 499 2223 Occurrunt
526 2179 737 2239 equidem
763 2180 985 2225 nonnulla
1011 2180 1324 2226 Donationum
1355 2184 1588 2242 regiarum
1615 2189 1691 2228 at-

99 2245 265 2291 tributa
303 2247 349 2291 in
385 2244 535 2291 feudis
576 2247 770 2307 perinde
815 2247 1081 2294 observata.
1123 2247 1197 2293 Uti
1235 2256 1341 2294 sunt
1366 2249 1428 2306 l.)
1470 2248 1690 2294 Fidelitas

101 2313 329 2373 Principi7
370 2319 415 2357 et
439 2313 636 2359 Domino
664 2313 830 2359 debita.
859 2314 942 2372 ΙΙ.)
982 2315 1246 2360 Immunitas
1286 2331 1310 2360 a
1338 2316 1506 2361 tributo
1526 2351 1538 2371 ἢ
1588 2331 1689 2361 cum

103 2392 246 2424 onere
272 2380 505 2426 militandi.
533 2380 638 2439 III.)
677 2381 759 2426 Jus
787 2381 842 2426 ad
867 2381 996 2427 Bona
1035 2381 1360 2439 deficientium,
1395 2383 1472 2429 vel
1499 2384 1555 2428 de
1580 2385 1692 2429 vio-

144 2491 177 2530 ·)
203 2492 240 2522 ln
265 2492 459 2526 Comment.
479 2494 591 2526 Jurid.
620 2494 707 2526 Crit.
731 2495 773 2528 de
802 2496 943 2527 haered.
967 2497 1056 2528 Jure
1078 2506 1148 2528 ser.
1177 2498 1282 2529 Dom.
1311 2499 1412 2530 Aust.
1437 2496 1474 2530 C.
1506 2498 1548 2529 ΙΙ.
1579 2496 1610 2539 §.
1636 2498 1692 2530 17.

210 2541 246 2568 et
272 2540 324 2570 18.
349 2539 443 2571 Idem
471 2540 503 2571 in
531 2541 672 2572 dissert.
696 2542 740 2573 de
770 2542 902 2574 domin.
926 2543 1029 2574 emin.

146 2580 179 2616 h)
206 2584 298 2615 Hist.
322 2585 400 2617 Jur.
431 2586 511 2626 pub.
533 2596 669 2619 amoen.
696 2589 736 2621 P.
760 2589 785 2620 l.
813 2590 892 2621 Sec.
916 2590 947 2622 3.
965 2590 1002 2622 C.
1020 2591 1050 2621 2.
1078 2587 1111 2630 ἓ.
1132 2588 1165 2619 5·

146 2630 179 2664 c)
211 2629 301 2660 Hist.
330 2631 417 2671 Reg.
435 2633 552 2673 Hung.
578 2633 611 2664 in
636 2638 708 2666 not.
738 2644 860 2675 praev.
886 2647 917 2678 p.
940 2636 1073 2668 XVlll.

144 2670 177 2709 d,
207 2675 243 2705 ln
271 2685 392 2714 opusc.
413 2678 455 2708 de
478 2679 566 2709 Jure
591 2680 694 2712 elect.
721 2681 759 2713 C.
787 2685 815 2714 1.
843 2683 873 2713 2.
900 2685 935 2713 et
961 2682 992 2714 3.

146 2725 176 2753 ⁰>
206 2722 261 2751 ln:
291 2719 436 2762 ungarus
465 2720 658 2760 Qanrcrien,
685 2728 747 2758 unt*
772 2725 922 2766 rosseum
960 2722 1163 2770 get'ctjmfit'ngc
1187 2721 1478 2767 §ricgsverfafsunq
1504 2719 1687 2762 fiber-[murt.

148 2763 184 2807 f)
211 2768 274 2807 Op.
297 2766 353 2797 cit.
372 2771 406 2798 et
427 2768 492 2799 loc.
513 2768 571 2799 cit.

150 2814 183 2854 g)
208 2814 261 2846 De
282 2813 469 2846 Beneficiis
495 2815 531 2846 L.
557 2816 586 2848 7.
609 2814 647 2847 C.
669 2813 702 2847 4.
