1941 3143
1641 74 1702 120 41

232 182 328 233 „via
366 181 574 222 fidelitatis
600 181 863 232 divertendo,
905 181 1196 231 rebellaverat,
1227 186 1266 222 et
1294 181 1496 233 permulta
1515 187 1702 235 tempora

232 240 303 289 „in
321 239 542 278 rebellione
567 245 863 290 permanserat,
894 239 1034 278 audita
1053 238 1235 291 pietatis,
1266 251 1312 277 ae
1337 239 1458 277 etiam
1485 240 1702 289 potestatis

232 295 463 345 „Ludoviei
496 295 620 347 Regis
649 295 778 343 fama,
809 297 859 335 ad
898 297 1033 347 ipsum
1065 294 1340 346 personaliter
1372 294 1563 343 veniens,
1595 297 1703 336 eirea

234 351 438 401 „confinia
473 351 657 402 ipsarum
679 352 855 403 partium
888 354 946 392 ad
979 353 1141 404 pedes
1174 351 1350 403 regiae
1380 349 1699 403 Majestatis

235 408 577 458 „humotenus
623 415 964 460 prostratus,
1009 414 1056 448 et
1097 410 1156 448 ad
1204 407 1602 457 obedientiam,
1644 421 1699 447 ae

234 464 584 514 „fidelitatem
615 466 847 506 debitam
878 467 1157 515 reduetus,
1197 464 1453 505 solennia
1483 477 1702 504 munera

234 522 442 572 „xenia,
484 527 533 562 et
572 521 818 562 clenodia
856 524 1208 574 praestando,
1255 526 1301 561 et
1333 534 1480 561 suum
1521 521 1701 560 Domi-

233 592 398 628 „num,
444 591 497 618 ae
539 585 768 619 sanctam
809 579 1066 620 Coronam
1105 578 1578 632 recognoscendo,
1612 590 1704 617 cum

232 636 432 688 „gaudio‚
475 641 513 674 et
540 634 695 675 laetitia
730 637 780 676 ad
814 637 986 688 propria
1019 636 1238 685 remeavit,
1281 641 1327 675 et
1357 635 1415 675 ab
1446 632 1548 675 illo
1578 639 1705 675 tem—

233 705 389 744 „pore
421 691 754 733 fidelitatem
785 693 1180 734 conservavit,“

834 783 882 839 ὃ.
922 785 999 830 22.

609 866 754 922 Quod
786 866 918 913 ultra
949 866 1208 925 probatur.

258 943 456 990 Inficiari
492 944 673 1004 quidem
715 945 890 1005 nequit„
928 951 1036 1004 post
1076 943 1246 989 obitum
1284 942 1459 989 Mariae
1499 943 1584 989 I¹¹²²³e
1620 958 1704 1006 per

125 1012 381 1071 IIedvigem
411 1012 510 1069 ejus
543 1025 755 1057 sororem
776 1011 998 1056 Poloniae
1024 1011 1268 1071 Reginam,
1315 1026 1433 1072 quae
1458 1018 1707 1074 praetextu

124 1086 345 1139 paternae
378 1080 665 1124 sucessionis
702 1080 838 1123 armis
865 1077 1144 1138 Hungariam
1181 1080 1408 1139 impetere
1448 1078 1709 1125 meditaba-

124 1154 212 1201 tur,
252 1144 448 1189 Vladum
475 1145 758 1201 Moldaviae,
787 1153 831 1190 et
863 1145 1170 1191 Bessarabiae
1199 1145 1477 1203 VaJvodam,
1505 1162 1530 1191 a
1557 1146 1709 1192 clien—

126 1211 216 1257 tela
242 1211 523 1270 sigismundi
559 1211 838 1256 abstractum
879 1211 1043 1268 fuisse,
1084 1212 1167 1257 sed
1203 1214 1505 1273 interruptum
1536 1227 1708 1274 supre—

124 1292 225 1324 mae
248 1279 494 1339 potestatis
532 1279 806 1322 exercitium
827 1279 1077 1339 paulopost
1104 1279 1157 1323 ab
1184 1278 1428 1340 Hunyadio
1461 1279 1708 1328 Guberna-

124 1353 226 1391 tore
257 1351 526 1402 resumtum,
554 1344 728 1390 Gnatus
761 1345 862 1403 ejus
902 1344 1098 1390 Mathias
1135 1345 1327 1407 amplius
1362 1347 1508 1392 adhuc
1539 1362 1709 1393 corro—

122 1412 328 1458 borando
354 1412 492 1473 plene
516 1409 788 1469 restituite)
828 1417 1038 1473 tempore
1071 1412 1149 1457 illo
1178 1415 1224 1458 in
1258 1427 1561 1474 permagnum
1598 1428 1711 1460 sane

123 1480 281 1525 harum
307 1481 505 1541 partium
537 1479 763 1525 adversus
793 1481 1134 1525 increscentem
1160 1482 1206 1525 in
1226 1480 1325 1525 dies
1340 1480 1711 1528 Muhamedano-

123 1562 221 1592 rum
259 1549 513 1608 potentiam
552 1553 772 1603 tutamen,
821 1553 958 1607 atque
1003 1547 1298 1607 praesidium.
1372 1548 1479 1610 Ipse
1515 1549 1711 1596 Vladis-

121 1615 221 1661 laus
258 1614 334 1671 II.,
371 1614 692 1675 Jagellonicae
718 1614 829 1659 licet
855 1615 1066 1673 origIniS,
1092 1614 1202 1660 Jura
1238 1614 1503 1675 Hungariae
1542 1618 1588 1662 in
1627 1616 1710 1663 has

121 1684 390 1743 provincias
419 1688 687 1727 constanter
719 1687 999 1737 sustentare,
1025 1696 1418 1743 propugnareque
1443 1685 1594 1729 nullus
1632 1686 1710 1730 in-

124 1752 333 1795 termisit.
369 1749 499 1794 Patet
524 1749 569 1793 id
593 1751 855 1809 cumprimis
884 1763 943 1793 ex
982 1750 1320 1805 instructione,
1359 1764 1492 1810 quam
1530 1751 1708 1811 Legato

131 1831 232 1874 suo,
257 1816 313 1861 ad
338 1816 590 1861 Turcarum
616 1815 950 1875 Imperatorem
972 1816 1034 1860 A⁰
1081 1817 1206 1863 1496
1246 1816 1454 1874 dimisso,
1484 1817 1708 1878 elargitus

131 1890 203 1929 est
245 1885 303 1941 ³),
329 1898 417 1928 nec
442 1898 536 1929 non
555 1898 615 1928 ex
638 1882 728 1926 illis
757 1883 1083 1939 monumentis,
1120 1897 1237 1943 quae
1274 1883 1319 1929 in
1358 1884 1499 1930 Ederi
1538 1884 1708 1930 obser-

125 1951 390 1997 vationibus
439 1950 496 1996 ad
523 1949 783 1996 Felmerum
824 1948 867 2008 ¹³)
896 1951 1192 1995 continentur
1218 1949 1317 2009 Η).
1370 1950 1502 1997 Unde
1519 1953 1707 2010 jurium,

129 2018 184 2064 de
211 2018 374 2079 quibus
398 2033 505 2078 ago,
525 2017 759 2064 evidentia
777 2016 834 2062 ad
860 2017 1433 2065 oculum—utdieunt—
1449 2021 1602 2066 evicta
1620 2026 1705 2066 est.

178 2099 228 2153 ἦ)
258 2099 370 2138 Inter
402 2098 559 2150 reliqua
593 2097 843 2138 luculentum
881 2097 972 2151 ejus
1005 2098 1063 2138 rei
1092 2099 1373 2139 testimonium
1413 2101 1606 2151 praebent
1639 2102 1706 2140 I¹¹¹⁰

235 2156 394 2194 litterae
421 2155 601 2194 Mathiae
638 2153 758 2195 1468.
792 2157 841 2194 ad
873 2155 1077 2204 polonos,
1109 2155 1187 2195 Jus
1220 2169 1240 2195 e
1273 2157 1535 2197 conniventia
1561 2158 1705 2209 Sigis-

242 2211 381 2251 mundi
419 2224 544 2262 porro
579 2212 620 2251 in
663 2212 760 2250 haee
799 2213 940 2265 Regna
981 2214 1319 2263 praetendentes,
1365 2214 1544 2254 directae
1585 2215 1705 2263 „Duo

234 2274 359 2318 „sunt
389 2290 441 2296 —
469 2270 525 2308 ait
546 2268 589 2308 in
621 2269 716 2307 istis
743 2269 826 2308 Rex
858 2291 911 2298 —-
946 2281 1048 2320 quae
1082 2270 1201 2309 nobis
1239 2283 1313 2320 per
1348 2270 1508 2310 litteras
1544 2277 1706 2311 vestras

232 2325 496 2376 „imputatis,
526 2325 783 2364 invasionem
814 2325 1066 2374 Mofflaviae,
1097 2332 1301 2377 tamquam
1328 2328 1377 2366 ad
1404 2329 1587 2379 Regnum
1615 2328 1706 2367 Ve-

232 2388 390 2431 „strum
428 2382 670 2432 pertinentis
715 2388 850 2422 terrae
881 2404 935 2410 —
969 2404 1022 2410 ——-
1060 2405 1111 2410 -—
1142 2384 1360 2422 Terram
1395 2397 1518 2424 vero
1551 2383 1704 2424 illam

233 2439 446 2488 „Nostri
479 2437 623 2492 juris
667 2451 808 2488 esse,
850 2439 1294 2490 antiquissimus,
1334 2446 1378 2480 et
1417 2441 1702 2480 continua-

233 2495 521 2541 .‚tissimus
579 2497 1082 2546 praedecessorum
1128 2497 1462 2537 Nostrorum
1508 2498 1698 2550 Regum

233 2551 563 2604 „Hungariae
595 2552 789 2592 titulus
821 2552 1086 2602 declarat,
1128 2566 1227 2592 non
1261 2554 1468 2605 quidem
1501 2555 1704 2604 inanis,

233 2609 348 2655 „sed
391 2609 738 2658 possessione
782 2622 1041 2661 nunquam
1088 2610 1408 2662 interrupta
1447 2611 1698 2653 munitus.

234 2663 384 2712 „Nam
417 2686 466 2691 —
514 2671 564 2704 ut
605 2666 911 2706 vetustiora
956 2679 1091 2705 nunc
1132 2667 1440 2707 omittamus
1482 2689 1535 2696 —-
1576 2672 1704 2718 post

158 2763 190 2801 ἃ)
217 2765 318 2804 Pray.
345 2763 470 2797 Annal.
497 2767 534 2799 P.
560 2766 591 2801 4.
619 2779 650 2811 p.
674 2768 752 2804 27'4.
784 2774 820 2804 et
834 2771 974 2804 Katona
1002 2772 1066 2813 Op.
1094 2771 1153 2804 cit.
1177 2771 1218 2805 Τ.
1246 2772 1297 2806 17.
1323 2781 1355 2814 Ρ·
1382 2771 1436 2805 39·

157 2810 194 2851 h)
221 2812 305 2853 Pag.
330 2810 537 2848 186.—188.
