1941 3143
1596 83 1688 132 139

215 201 265 239 ad
297 211 440 238 manus
473 203 656 237 mortuas
682 198 834 249 potiori
867 198 906 238 in
935 204 1049 251 parte
1080 196 1291 238 Nobilium
1314 196 1448 244 bonis,
1480 195 1688 246 liberaque

214 256 457 307 disponendi
482 255 670 294 facultate
696 255 954 295 irrestrictim
979 255 1109 304 salva,
1141 255 1286 294 modus
1311 253 1444 292 omnis
1472 258 1689 291 evanescat

213 313 452 364 Hungariae
484 313 664 364 Regibus
699 312 969 352 benemeritos
1010 311 1284 364 prae111ia11d13
1329 309 1480 348 idcirco
1515 309 1555 347 in
1587 309 1690 348 hanc

214 370 513 409 restrictionem
556 368 781 409 communis
825 370 1012 409 utilitatis
1059 381 1183 408 causa
1231 367 1349 406 facile
1391 365 1688 405 consenserint.

217 426 424 477 Quidquid
458 426 534 473 sit,
567 426 721 464 diserta
753 426 794 464 iu
827 440 909 465 rem
943 426 1190 478 dispositi0‚
1233 423 1361 476 l’iegni
1408 422 1580 461 Decreto
1613 434 1688 460 ex-

218 495 378 534 pressa,
411 482 527 533 plene
561 480 834 521 Verbc'iczium
879 484 926 522 ab
959 496 1005 522 eo
1038 482 1219 522 absolvit
1250 493 1411 527 errore,
1456 478 1575 530 quasi
1605 491 1688 517 rem

216 541 370 579 dudum
405 539 567 578 vetitam
600 540 650 579 ad
682 544 866 591 tempora
897 540 1101 581 Ludovici
1132 551 1347 591 perperam
1380 536 1602 576 retulisset.

793 633 839 687 ὃ.
884 633 991 679 186.

737 717 786 762 Ε
818 717 1040 774 Defeclze.

238 798 477 853 Quomodo
507 796 916 858 ergo—obsecro
931 798 1080 855 —-jus
1107 796 1229 842 istud
1254 795 1427 842 Sacrae
1455 792 1687 847 Coronae,

107 872 215 926 post
242 867 325 910 tria
366 866 523 910 secula
564 873 806 920 exortum„
845 879 1023 925 usuque
1065 864 1298 923 subsequo
1325 861 1597 907 ratificat-um
1623 885 1689 891 —

107 933 333 977 adversus
383 933 663 977 clarissimas
703 933 837 992 leges
876 958 944 964 -—
979 947 1062 993 pro
1104 931 1289 987 feudis„
1331 929 1386 974 ad
1424 927 1686 974 nobilitarIa

106 999 224 1044 hona
252 999 562 1059 applicandiS.
592 999 885 1059 aliquomodo
915 999 1193 1045 deserviet?
1220 997 1353 1053 Quod
1381 998 1500 1042 enim
1529 1008 1688 1039 amor—

104 1067 346 1110 tisatoriae
372 1068 658 1126 provisionis
687 1068 844 1126 specie
871 1068 1076 1126 priorum
1109 1066 1290 1124 Regum
1315 1065 1523 1110 nonnulli
1548 1087 1616 1094 —-
1640 1068 1688 1106 ut

106 1146 131 1176 e
170 1132 366 1190 quodam
394 1132 593 1177 Laclislai
620 1134 697 1177 lv.
736 1133 987 1191 Privilegio
1015 1147 1109 1178 non
1137 1132 1335 1177 obscure
1364 1132 1597 1190 colligitur
1622 1155 1690 1161 —

103 1212 273 1243 cavere
315 1198 542 1242 interdum
586 1202 843 1259 coeperinh
872 1215 930 1244 ne
967 1200 1087 1245 hona
1129 1200 1408 1245 secularium
1456 1197 1687 1243 Nobilium

101 1266 364 1325 promiscue
391 1268 588 1325 perenni
628 1266 759 1309 titulo
790 1266 845 1310 ad
876 1266 1113 1311 Ecclesias
1151 1266 1460 1312 devolvantur
1481 1300 1493 1321 ‚
1532 1278 1687 1324 gene-

101 1331 276 1388 ralem„
317 1346 450 1392 quam
484 1332 563 1377 lex
601 1339 769 1394 postea
806 1333 1113 1394 praescribit.
1151 1348 1359 1380 normam
1397 1332 1517 1378 haud
1541 1345 1687 1394 prae—

102 1400 314 1444 stituerat
356 1400 427 1457 ὃ),
467 1406 512 1445 et
541 1402 578 1445 si
604 1401 982 1462 praestituisset7
1021 1401 1223 1446 validum
1261 1401 1368 1447 inde
1410 1415 1494 1462 pro
1535 1399 1687 1445 feudis

102 1472 423 1527 argumentum
447 1482 505 1515 ne
532 1470 615 1515 vix
641 1468 824 1530 quidem
850 1475 1137 1530 suppeteret.

790 1567 837 1622 ᾗ.
883 1570 990 1614 187.

682 1652 777 1697 Am
817 1664 842 1696 e
872 1652 1098 1697 Crimine.

233 1731 302 1778 De
337 1731 571 1778 Bonorum
606 1731 906 1779 devolutione
956 1748 1016 1778 ex
1052 1735 1270 1789 crimineq
1323 1733 1445 1794 quod
1485 1731 1683 1778 feudalis

99 1799 223 1844 Juris
241 1799 528 1861 Interpretes
556 1800 684 1846 felo
704 1817 732 1846 n
753 1804 763 1846 i
783 1816 863 1845 am
888 1808 1078 1848 vocant„
1106 1815 1200 1846 non
1225 1801 1374 1847 habeo
1403 1815 1519 1862 opus
1547 1801 1684 1846 multa

102 1866 272 1912 dicere.
315 1866 362 1912 Si
404 1870 523 1912 enim
559 1868 665 1914 inde
701 1875 908 1913 naturam
954 1868 1079 1913 feudi
1124 1868 1324 1925 1113011115ᾖ
1364 1870 1410 1914 in
1447 1867 1683 1927 Hungaria

98 1934 311 1995 profecto
354 1937 547 1995 quaevis
588 1935 798 1992 mobilis,
843 1935 923 1981 vel
964 1935 1209 1981 immobilis
1260 1935 1456 1981 facultas
1498 1934 1683 1980 seudum

100 2000 248 2059 foret,
287 2016 420 2061 quam
447 2001 640 2060 nobilis,
677 2009 721 2048 et
748 2002 965 2063 ignobilis
994 2003 1113 2064 apud
1138 2017 1225 2049 nos
1251 2005 1519 2049 universam
1547 2006 1685 2048 amit—

100 2070 183 2118 tit„
222 2071 297 2128 qui
320 2068 600 2129 homagium7
628 2085 716 2116 ceu
743 2070 1041 2127 fidelitatem„
1073 2071 1275 2131 Principi
1317 2071 1531 2128 debitam,
1570 2072 1683 2116 vio-

98 2134 195 2178 lare
230 2143 404 2180 temere
444 2136 592 2182 audet.
632 2138 855 2198 Alioquin
880 2152 1079 2198 poenam
1106 2137 1301 2184 similem
1342 2146 1387 2184 et
1415 2139 1496 2184 sub
1524 2138 1683 2199 Impe-

100 2202 328 2247 ratorihus
356 2203 474 2263 apud
513 2204 748 2251 Romanos
770 2240 782 2263 7
823 2205 1030 2266 aliasque
1059 2205 1233 2251 Gentes
1274 2231 1341 2237 —
1378 2205 1529 2251 feudis
1555 2219 1680 2251 non-

100 2267 202 2314 dum
227 2271 492 2330 vigentibus
516 2298 584 2305 --
607 2274 888 2319 usuvenisse
908 2307 921 2330 ᾖ
963 2280 1031 2319 sat
1059 2287 1291 2336 superque
1320 2280 1516 2318 constat.

789 2371 835 2426 ὃ.
880 2373 987 2417 188.

494 2450 739 2495 Nostram
772 2451 1075 2496 *S'emente‘am
1104 2455 1285 2497 evertis.

234 2527 409 2576 Videor
435 2530 704 2590 quibusdam
731 2537 891 2577 contra
919 2547 1052 2593 quam
1078 2533 1313 2594 pollicitus
1342 2547 1497 2593 eram7
1536 2548 1681 2597 prae—

101 2595 256 2638 sertim
292 2609 380 2651 ee,
420 2611 509 2656 quo
550 2612 626 2643 res
664 2606 854 2645 nostrae
882 2600 987 2646 loco
1032 2602 1077 2646 in
1112 2605 1482 2663 praesentiarum
1521 2603 1680 2648 subsi-

100 2666 249 2717 stunt,
289 2665 472 2708 nimium
508 2665 552 2709 in
578 2664 711 2724 hujus
750 2669 884 2713 unius
914 2667 1124 2715 thematis
1159 2670 1453 2717 discussione
1480 2670 1677 2725 versari,

99 2727 182 2772 sed
223 2735 622 2792 quantumcunque
678 2733 734 2778 ad
774 2735 1051 2796 explendum
1112 2741 1392 2799 promissum
1437 2738 1678 2783 brevitatis

136 2841 166 2880 ὁ)
195 2839 295 2875 Cous.
324 2842 507 2876 vindicias
534 2844 576 2878 de
604 2845 744 2879 domino
770 2847 883 2881 Nobil.
908 2849 1127 2892 Hungariae.
