1941 3143
1649 72 1713 122 85

129 183 252 228 Juris
278 180 446 241 publici
474 182 713 228 domestici
743 185 1143 243 interpretatione.
1179 196 1321 226 sensu
1348 186 1527 243 tropico
1548 193 1713 241 sumta,

130 256 224 294 tres
251 249 528 294 essentiales
555 257 712 310 partes
740 250 823 294 liae
862 265 951 295 una
978 249 1061 302 sill)
1090 249 1463 295 nomenclatione
1492 265 1713 311 compre-

128 315 308 370 hendit,
347 329 371 359 a
399 330 449 361 se
478 318 676 361 invicem
715 317 1074 362 indissolubiles.
1114 317 1255 361 Puta:
1297 315 1334 359 D
1354 318 1406 375 ip
1426 316 1437 359 l
1459 330 1544 360 om
1563 332 1586 361 a
1615 319 1712 363 ln-

129 383 457 442 augurale,
496 390 695 428 actum
735 387 932 444 ipsum
969 385 1222 444 priscisq
1264 397 1333 426 ac
1380 382 1710 441 religiosis

128 449 355 495 ritibus
405 457 868 505 consecratum,
934 458 980 495 et
1026 451 1445 495 Juramentum
1482 450 1710 510 Populo

126 517 370 580 publice
407 532 479 562 nu
496 532 646 578 ncup
664 518 773 563 and
787 534 815 562 u
832 534 888 575 m„
929 518 984 563 de
1012 517 1175 578 qulbus
1204 531 1287 562 suo
1315 531 1436 562 nunc
1462 517 1639 563 ordine.

865 651 872 660 .
914 618 991 663 98.

575 701 610 745 I.
657 616 891 758 D2‘11l0n§m
927 700 1248 758 luctamen-cde.

262 782 674 828 Assecurationem
702 781 758 827 de
786 780 1077 827 observanda
1104 781 1256 841 Regni
1295 779 1650 836 Constitutione„
1690 797 1716 826 a

128 863 302 895 summo
344 850 556 910 Principe
595 852 640 895 in
679 849 802 894 aditu
828 848 1085 908 Regiminis
1124 848 1468 910 praestandam,
1507 846 1715 907 Hungari

129 916 339 978 Diploma
363 916 639 977 Inaugurale
668 916 846 974 dixere,
888 916 1093 975 (XXIV)
1132 916 1187 961 ad
1225 917 1356 974 cujus
1394 917 1715 961 vetustiss1ma

130 983 337 1031 exordiar
377 998 477 1028 cum
504 984 778 1029 certitudine
806 984 1152 1029 determinanda
1173 1017 1186 1039 ‚
1224 986 1312 1029 viri
1353 984 1546 1042 egregie
1574 981 1714 1040 docti,

128 1065 374 1111 rerumque
401 1053 650 1111 patriarum
677 1050 1003 1096 studiosissimi
1040 1050 1212 1095 frustra
1251 1050 1476 1096 hactenus
1517 1056 1712 1095 conatus

128 1130 238 1162 suos
266 1118 600 1177 applicuerunt.
630 1117 792 1174 Nobis,
820 1132 877 1163 ne
903 1118 1039 1174 ultrm
1068 1133 1122 1162 ac
1147 1121 1410 1178 praesentis
1439 1116 1711 1177 disciplinae

125 1185 243 1228 ratio
272 1183 499 1243 deposcit3
538 1187 786 1245 impervias
816 1187 1099 1244 antiquitatis
1139 1184 1356 1229 tenebras
1384 1183 1714 1243 i11gredia111111·‚

125 1256 317 1295 notasse
345 1256 416 1294 sat
441 1248 608 1295 suerit:
637 1250 901 1310 peculiares
930 1254 1115 1297 omnino
1144 1251 1402 1307 libertates,
1431 1250 1552 1310 quod
1571 1265 1714 1297 aurea

124 1316 344 1363 Andreae
369 1316 514 1376 Regis
540 1316 670 1361 Bulla
721 1316 858 1361 claris
906 1317 1064 1363 verbis
1115 1321 1331 1377 exprimit.
1372 1319 1432 1375 ³)7
1472 1334 1495 1362 a
1540 1317 1712 1364 Sancto

126 1383 362 1445 Stephano
411 1382 558 1429 fuisse
598 1397 881 1441 concessas,
943 1399 1121 1445 perque
1162 1384 1385 1439 Eundem„
1412 1410 1479 1417 —-
1503 1387 1542 1431 si
1578 1384 1713 1430 modo

124 1450 333 1498 Hartvici
357 1458 558 1497 mentem
581 1459 712 1498 recte
753 1453 1045 1512 assequimur
1081 1450 1134 1510 ii)
1161 1477 1229 1484 —
1253 1454 1500 1497 oeassione
1538 1453 1714 1512 primae

126 1522 325 1565 omnium
351 1521 666 1565 coronationis
692 1526 920 1581 perpetuo
946 1518 1143 1566 foedere
1168 1518 1385 1564 firmatas.

179 1616 230 1670 *)
263 1616 391 1666 „Post
430 1621 640 1668 acceptum
683 1637 738 1646 -
774 1621 916 1655 narrat
962 1615 1069 1654 idem
1103 1615 1362 1668 Biograpbus
1383 1615 1427 1667 ¹³)
1465 1637 1520 1643 -—
1557 1615 1713 1667 regalis

236 1673 526 1722 „excellentiae
549 1674 713 1724 signum
740 1695 791 1700 —
822 1673 955 1723 qualis
980 1672 1087 1711 vitae
1114 1673 1192 1720 vir,
1225 1679 1262 1711 et
1294 1671 1561 1710 discretionis
1588 1673 1716 1711 fuerit

238 1753 316 1778 ‚‚—
349 1743 438 1769 cum
467 1729 709 1780 Episcopis‚
742 1734 779 1767 et
812 1728 1062 1768 Primatibus
1100 1727 1339 1780 Hungariae
1379 1733 1575 1766 statutum
1610 1741 1633 1766 a
1666 1741 1712 1767 se

237 1788 495 1836 „dect-etum,
527 1786 790 1824 manifestum
820 1785 929 1833 fecit,
959 1790 997 1824 et
1027 1790 1071 1824 ut
1100 1785 1238 1835 pacis,
1271 1797 1344 1835 per
1370 1797 1488 1835 quam
1519 1783 1713 1824 Christus

233 1844 402 1891 „orbem
426 1843 686 1890 coadunavit,
718 1855 761 1881 se
786 1842 874 1881 fore
897 1842 1092 1893 probaret
1116 1841 1258 1889 filium,
1291 1842 1398 1891 quod
1423 1840 1563 1879 nullus
1587 1840 1711 1879 alium

233 1900 468 1948 „hostiliter
491 1900 723 1945 invaderet,
757 1911 873 1937 nemo
907 1898 1085 1938 vicinum
1118 1898 1207 1937 sine
1229 1897 1379 1950 judicii
1411 1897 1709 1936 examinatione

231 1957 461 2007 „laedet-et,
493 1956 662 2004 viduas,
695 1961 732 1994 et
765 1955 974 2006 orphanos
1005 1954 1145 1994 nullus
1185 1954 1458 2005 opprimeret,
1491 1954 1711 2004 subscrip—

235 2015 374 2064 „tione
419 2013 658 2052 foederis
703 2025 805 2051 non
852 2012 1137 2063 pereuntis
1184 2011 1364 2062 posteris
1408 2010 1497 2049 suis
1544 2010 1710 2061 reliquit

235 2070 535 2119 ‚‚stabilitum.“
565 2069 657 2108 Heu
693 2070 799 2120 quod
825 2075 906 2108 tam
943 2068 1197 2108 venerabiles
1224 2068 1315 2108 aevi
1348 2067 1545 2119 reliquias
1577 2068 1710 2106 amis-

235 2140 334 2176 „sas
367 2126 647 2166 desideremus
671 2125 726 2180 ο).

823 2215 870 2271 §.
911 2216 989 2263 99.

684 2301 908 2345 Vetustate
945 2302 1170 2358 origines.

264 2380 355 2426 Has
395 2380 499 2427 dein
517 2415 528 2437 ,
568 2396 592 2426 a
619 2382 891 2441 Regnicolis
920 2395 1062 2442 saepe
1090 2395 1281 2427 numero
1310 2380 1534 2440 allegatas
1561 2378 1709 2424 liber-

125 2455 243 2493 tates
270 2449 427 2508 Reges
455 2451 550 2494 suis
589 2448 920 2494 confirmabant
956 2447 1201 2505 Decretis,
1241 2450 1512 2508 interposita
1552 2447 1709 2491 Juris-

120 2515 303 2571 jurandi
341 2516 586 2575 religione7
615 2522 659 2560 et
685 2516 956 2576 plerumque
984 2514 1132 2560 adhuc
1171 2514 1526 2576 superaddendo
1562 2527 1709 2575 quos-

128 2581 227 2626 dam
264 2582 528 2638 Arstculos,
590 2582 749 2642 quales
785 2583 998 2641 adjuncta
1033 2585 1308 2629 suasissent.
1336 2607 1404 2616 -—
1428 2582 1514 2628 Rei
1543 2595 1710 2626 exem-

164 2690 196 2727 ὃ)
226 2693 325 2725 1222i
353 2693 385 2724 in
411 2693 528 2726 Praei.

164 2738 200 2777 h)
227 2739 288 2776 Ορ.
316 2739 374 2771 cit.
401 2746 476 2781 pag.
506 2738 582 2774 134.

165 2790 195 2827 e)
223 2785 385 2818 Conserri
412 2787 467 2819 hic
493 2791 653 2821 meretur
679 2787 896 2820 Kovachich.
922 2787 1024 2822 Vest.
1052 2787 1178 2820 Comit.
1205 2796 1223 2820 a
1250 2793 1327 2830 pag.
1353 2786 1514 2821 12.-20.
