1941 3143
235 129 297 176 92

232 243 305 286 vis
334 247 545 302 tempore
575 242 762 297 usitata,
802 240 1054 286 secundum
1083 241 1381 288 indubitatam
1431 242 1690 301 annalium,
1729 259 1824 306 pu-

232 307 550 369 blicorumque
580 308 963 353 documentorum
991 307 1142 365 sidem,
1169 324 1194 353 a
1227 309 1449 368 singulari
1477 310 1569 356 divi
1596 310 1836 372 Stephani-

233 378 407 437 pietate
436 378 654 438 proprius
681 375 938 436 repetenda
965 377 1110 436 venit,
1137 390 1224 436 qua
1251 378 1487 424 incensus.
1526 376 1822 423 christianam

235 442 491 488 doctrinam
532 442 635 487 zelo
670 457 787 487 vere
826 442 1088 503 apostolico
1119 445 1163 487 in
1188 443 1354 503 Regno
1397 446 1498 504 ipse
1543 444 1826 490 dissemina-

232 513 318 566 vit,
371 512 509 570 inque
552 509 687 566 hujus
747 510 1020 569 ampliorem
1069 514 1456 571 propagationem
1494 511 1824 572 Episcopatus‚

236 592 290 621 ac
326 578 457 622 varia
484 575 788 621 Sacerdotum
817 576 1026 636 CollegIa
1066 579 1233 634 erexit,
1273 584 1409 639 atque
1449 577 1705 624 liberaliter
1731 577 1823 624 do-

237 645 365 689 tavit.
394 643 823 704 Quomodocunque
865 647 987 690 enim
1015 658 1066 689 se
1094 659 1215 689 nunc
1254 660 1338 705 per
1364 644 1595 706 Europam
1626 645 1828 690 habeant

236 710 434 771 Imperia
477 710 533 755 ad
564 711 904 769 Sacerdotium,
943 726 1077 772 quam
1117 716 1354 757 materiam
1404 713 1602 771 ingredi,
1651 720 1697 758 et
1737 728 1829 757 ex-

237 779 437 839 splicare
479 793 502 822 a
528 781 771 839 proposito
800 786 962 824 nostro
1000 779 1164 839 procul
1199 779 1404 835 recedit,
1451 779 1636 826 indubie
1678 786 1830 825 tamen

236 845 498 907 praecelsis
526 847 626 890 istis
655 846 836 905 Regum
873 853 1140 892 nostrorum
1181 846 1236 891 de
1263 847 1511 906 Religione
1548 849 1743 903 meritis,
1783 853 1830 892 et.

239 911 553 958 dotationibus
590 912 815 971 debetur,
867 913 990 975 quod
1027 913 1208 971 juribus
1239 915 1362 958 circa
1412 913 1555 958 Sacra
1601 913 1831 970 eJusmodi

239 981 515 1025 eminuerint
546 982 668 1025 omni
690 987 918 1044 tempore‚
958 981 1110 1040 qualia
1136 981 1220 1027 vix
1250 981 1367 1025 alter
1392 978 1657 1042 Principum
1686 978 1828 1027 Chri-

239 1050 494 1093 stIanorum
525 1046 737 1093 habebat.

930 1182 977 1238 ξ.
1016 1183 1130 1228 477.

559 1280 752 1327 Eorum
781 1279 1114 1340 fundamento
1156 1283 1206 1326 in
1241 1281 1520 1338 Hemqarz‘a.

375 1392 650 1454 Supremum
683 1391 805 1438 huno
855 1393 1153 1438 Patronatum
1197 1392 1487 1439 Verboczius
1526 1394 1764 1454 quaternis
1802 1407 1828 1437 e

238 1461 496 1506 rationibus
523 1461 644 1520 Regi
669 1459 933 1520 Hungariae
961 1466 1229 1521 competere
1257 1460 1451 1506 adstruit
1490 1461 1563 1518 ³):
1603 1460 1637 1504 Ι.
1678 1458 1830 1505 Causa

236 1528 533 1573 fundationis.
575 1527 629 1572 ΙΙ.
674 1527 740 1573 Ob
789 1542 953 1572 munus
993 1528 1302 1588 apostolicum
1333 1528 1387 1572 ab
1426 1530 1528 1589 ipso
1567 1528 1830 1586 Protorege

238 1603 518 1655 susceptum.
558 1594 633 1641 ΙΙΙ.
672 1594 762 1640 Per
787 1594 1039 1654 legitimam
1072 1598 1507 1656 praescriptionem.
1536 1595 1611 1641 IV.
1652 1594 1831 1640 Econ-

238 1662 496 1708 firmatione
520 1663 692 1720 jurata,
732 1677 851 1723 quae
892 1662 1094 1723 desuper
1138 1666 1183 1708 in
1225 1662 1433 1708 ConciIIO
1481 1661 1832 1707 Constantiensi

237 1732 506 1777 intervenit.
547 1729 707 1775 Kollar
748 1731 875 1775 initia
904 1730 1141 1791 amplioris
1180 1730 1315 1787 hujus
1347 1731 1596 1790 potestatis
1624 1743 1650 1773 e
1677 1727 1830 1773 Litte—

237 1800 301 1843 ris
352 1798 588 1859 Sylvestri
623 1797 678 1842 ΙΙ.
715 1796 952 1842 Pontificis
984 1831 996 1854 a
1048 1797 1107 1843 ad
1146 1798 1325 1857 Regem
1374 1796 1658 1857 Stephanum
1695 1794 1828 1850 datis,

236 1867 534 1927 processisse
583 1867 777 1926 primum
818 1865 1132 1911 affirmaverat
1174 1864 1248 1922 ῘἼ,
1327 1871 1487 1910 contra
1542 1877 1676 1924 quam
1725 1864 1825 1922 ipse

237 1940 404 1994 postea
437 1935 482 1978 in
510 1932 699 1989 libello,
740 1933 939 1977 triennio
978 1932 1152 1977 tardius
1189 1932 1381 1990 vulgato
1426 1932 1465 1989 ⁰)
1490 1965 1502 1988 ,
1551 1938 1597 1976 et
1636 1929 1826 1975 illustris

235 2000 542 2061 Batthanyius
589 2006 836 2044 senserant
879 1996 936 2055 ἢ).
1014 1998 1120 2042 Νοη
1157 2006 1294 2043 vacat
1336 1997 1476 2042 hasce
1529 1998 1828 2043 velitationes

238 2074 425 2113 nostras
466 2066 655 2122 sacereg
696 2065 865 2110 sufficit
901 2079 1001 2109 eam
1033 2064 1294 2110 libertatem
1336 2067 1457 2110 omni
1484 2065 1647 2125 procul
1691 2063 1827 2108 dubio

240 2151 342 2180 cum
368 2137 528 2194 regiae
570 2133 804 2193 dignitatis
833 2132 1029 2177 exordio
1066 2139 1217 2177 natam
1244 2130 1316 2189 ἦ),
1358 2133 1652 2192 quantumvis
1686 2132 1830 2176 variis

239 2203 468 2249 interdum
502 2199 901 2247 vicissitudinibus
942 2199 1079 2256 domi7
1128 2198 1338 2259 forisque
1367 2201 1516 2244 enatis
1556 2200 1832 2258 exagitare-

240 2278 340 2328 tur,
402 2270 551 2315 fuisse
608 2267 905 2314 nihilominus
958 2266 1202 2328 complexa
1247 2266 1510 2328 Principis,
1572 2281 1627 2312 ac
1665 2265 1830 2325 Populi

240 2353 349 2384 cura
393 2339 453 2396 θ),
493 2338 601 2397 quin
633 2337 734 2396 pari
761 2336 898 2379 etiam
941 2334 1066 2381 Cleri
1094 2334 1321 2381 Catholici
1366 2336 1627 2380 constantia
1667 2345 1832 2379 sacrae

242 2405 458 2452 Coronae
486 2405 706 2450 continuo
742 2401 1053 2462 vindicatam⁷
1092 2417 1146 2449 ac
1170 2417 1231 2449 ne
1271 2402 1350 2450 vel
1389 2401 1583 2465 amplius
1625 2403 1672 2447 in
1712 2413 1833 2445 con-

280 2515 314 2556 ·”·)
338 2519 378 2551 P.
405 2515 432 2549 Ι.
461 2521 505 2552 tt.
531 2519 587 2550 11.

279 2573 316 2617 l³)
342 2573 468 2606 Kollar
507 2574 600 2606 Hist.
637 2573 790 2615 Diplom.
830 2574 912 2606 Jur.
950 2574 1049 2606 Patr.
1084 2575 1210 2615 Apost.
1246 2574 1366 2614 flung.
1404 2573 1493 2611 neg.
1525 2570 1563 2604 C.
1590 2571 1651 2604 lx.
1678 2566 1834 2601 Michael

343 2618 549 2701 3:232?in
575 2620 669 2652 Hist.
698 2620 795 2653 Eccl.
829 2621 916 2662 Reg.
949 2622 1066 2662 flung.
1106 2622 1256 2654 Amoen.
1291 2621 1396 2652 Fasc.
1435 2619 1494 2651 Vl.
1521 2618 1590 2650 ΝΡ..
1620 2618 1650 2650 1.
1677 2616 1720 2648 de
1744 2614 1834 2647 Jure

285 2724 315 2765 c)
341 2726 396 2758 De
422 2725 511 2767 orig.
551 2728 585 2756 et
612 2734 682 2756 usu
710 2729 846 2766 perpet.
886 2724 1029 2757 Potest.
1069 2723 1159 2766 legis
1186 2723 1280 2757 circa
1305 2723 1418 2755 Sacra
1454 2722 1582 2764 Apost.
1605 2720 1691 2762 Reg.
1717 2715 1836 2757 Hung.

355 2773 393 2805 C.
421 2771 474 2805 14.
504 2781 538 2814 p.
564 2773 642 2804 155.
673 2775 710 2803 et
735 2780 811 2812 seq.

284 2826 319 2869 d)
346 2831 385 2862 ln
414 2830 517 2872 legib.
545 2828 687 2860 Eccles.
714 2830 803 2869 Reg.
830 2828 946 2869 Hung.
976 2827 1016 2859 T.
1044 2828 1074 2860 1.
1102 2835 1133 2868 p.
1162 2826 1239 2859 137.
1268 2830 1305 2858 et
1330 2834 1406 2867 seq.

282 2886 316 2930 e)
343 2887 419 2921 vid.
446 2896 464 2922 e
491 2886 613 2922 multis
640 2885 741 2923 1518.
769 2886 823 2921 15.
851 2900 896 2907 --
921 2884 1023 2921 1550.
1050 2882 1104 2920 14.
1130 2887 1166 2918 et
1195 2884 1250 2920 15.
1281 2883 1382 2919 1569.
1407 2881 1462 2917 36.
1484 2896 1529 2905 —
1557 2878 1659 2917 1791.
1683 2874 1745 2910 23.
