1941 3143
1603 46 1698 95 195

119 163 375 224 exemplum
417 162 477 219 ὃ),
518 168 563 207 et
599 174 760 207 norma
789 161 961 207 certior
986 156 1243 218 largiendi‚
1284 158 1696 220 consequendique

119 232 335 291 deinceps
362 229 661 288 Indigenatus
691 231 910 277 occurrit„
941 229 986 272 in
1007 239 1110 272 eum
1128 224 1308 270 modum
1326 229 1614 286 praescripta
1636 226 1699 284 ¹³),

118 307 165 345 ut
209 324 276 332 —-
323 296 453 342 salva
500 302 734 341 caeteruin
771 296 915 353 Regis
955 299 1192 356 potestate
1243 292 1440 337 eundem
1489 299 1700 353 tempore

121 367 413 412 Comitiorum
451 378 552 407 cuni
591 366 734 408 scitu*
789 370 834 408 et
867 361 1221 423 participatione
1263 359 1482 405 Ordinuin
1522 359 1700 418 Regni„

121 440 248 480 extra
274 431 390 476 haec
424 444 539 475 vero
580 444 681 475 cum
718 430 916 475 consilio
942 428 1204 481 Baronum5
1245 432 1291 471 et
1317 425 1703 472 Consiliariorum

120 500 483 559 Hungaricorum
510 497 784 543 conserendi
800 523 867 529 -
883 510 971 542 neo
990 501 1209 555 receptus
1226 501 1425 554 utroque
1443 496 1489 540 in
1507 507 1619 539 casu
1645 492 1702 538 de

123 567 207 612 lide
234 566 351 625 Regi
392 564 574 620 debita,
629 572 673 609 et
700 564 851 624 Regni
891 563 1072 622 legibus
1102 561 1439 618 observandis,
1491 575 1580 606 nec
1606 574 1703 606 non

124 635 177 680 de
204 632 493 679 defendenda
519 631 761 688 libertate,
801 647 855 676 ac
880 630 1072 690 reliquis
1102 628 1480 688 obligationibus7
1519 628 1705 687 Regni-

123 701 267 747 colam
294 699 609 756 manentibus,
658 698 974 743 Juramentum
1010 703 1284 757 praestare,
1335 699 1528 758 ipsaque
1556 695 1706 740 forma

122 770 331 830 praestiti
367 767 500 825 hujus
541 766 796 811 Juramenti
836 764 973 810 Libro
1015 763 1166 822 Regio
1207 765 1351 809 inseri
1391 763 1447 807 de
1472 762 1620 808 verbo
1649 761 1707 806 ad

123 835 314 882 verbum
340 834 518 879 debeat.
558 834 787 879 Taxarum
812 847 896 893 pro
931 830 1021 876 hoc
1045 828 1274 875 beneficio
1303 830 1528 890 depensio
1557 830 1708 875 serius

125 904 309 948 nonnisi
347 900 538 946 invaluit
579 901 649 957 ⁰)‚
689 906 821 945 aucta
849 897 1042 945 subinde
1085 894 1161 954 ἃ),
1201 897 1429 959 simulque
1467 895 1709 942 beneficiis

128 969 460 1015 ecclesiasticis
506 966 757 1012 secundum
797 966 978 1011 classes
1017 964 1318 1009 accomodata
1361 965 1433 1021 θ),
1466 965 1600 1021 juxta
1626 977 1712 1007 re-

128 1038 438 1081 centissimam
486 1034 638 1093 legem
683 1032 721 1090 s)
779 1032 1197 1078 inarticulationem
1248 1034 1395 1092 ipsam
1438 1029 1708 1091 praecedat,

129 1109 327 1161 oportet.

815 1183 861 1238 ξ.
903 1183 1015 1228 271.

666 1267 742 1310 De
776 1267 1175 1323 Leyite‘mcctz'one.

261 1346 471 1391 Parentis
512 1345 740 1392 Nobilitas
782 1345 837 1391 ad
873 1347 1108 1404 legitimos
1148 1345 1299 1391 solum
1339 1343 1572 1391 haeredes
1614 1358 1716 1389 cum

127 1420 335 1460 transeat
365 1414 533 1472 (258),
560 1413 771 1458 Prolibus
811 1413 1052 1471 illegitimo
1081 1412 1216 1457 thoro
1244 1414 1363 1458 natis
1384 1447 1396 1462 „
1424 1414 1513 1457 nisi
1542 1411 1715 1457 subse-

130 1496 218 1542 que
243 1481 588 1540 legitimentur„
640 1480 882 1540 suffragari
919 1494 1011 1525 non
1049 1485 1221 1541 potest.
1274 1480 1324 1524 In
1362 1478 1597 1538 Hungaria
1625 1478 1714 1523 duo

128 1555 303 1594 tantum
341 1548 463 1593 modi
503 1548 678 1594 liberos
730 1548 997 1608 illegitimos
1035 1546 1322 1605 legitimandi
1360 1549 1541 1607 recepti
1583 1552 1713 1591 sunt:

128 1630 213 1677 per
240 1614 531 1675 subsequens
558 1614 916 1669 Matrimonium„
957 1628 1011 1658 ac
1035 1628 1119 1674 per
1143 1614 1443 1672 Privilegium
1469 1613 1716 1672 Principis,

131 1685 208 1744 qui
234 1684 388 1743 potius
404 1682 717 1742 Adoptionem
746 1684 877 1742 sapit.
895 1682 1045 1726 Priori
1071 1682 1254 1726 ratione
1280 1682 1522 1739 legitimati
1542 1694 1716 1739 quein-

132 1749 374 1795 admodum
412 1751 458 1793 in
493 1749 702 1794 omnibus
743 1763 826 1809 pro
861 1749 1016 1803 veris7
1050 1748 1219 1804 justis7
1260 1754 1306 1792 et
1350 1748 1571 1806 legitimis
1597 1745 1717 1790 hae-

131 1817 318 1862 redibus
345 1815 570 1861 hahentur
611 1817 673 1874 ὅ),
712 1817 773 1860 ita
799 1815 905 1860 hinc
931 1828 1227 1874 consequens
1256 1821 1343 1867 est„
1381 1813 1505 1873 quod
1529 1815 1575 1858 in
1600 1827 1718 1858 ver-

132 1885 202 1930 bis
241 1884 550 1942 „legitimi
588 1881 938 1927 haeredes²⁴
975 1882 1141 1926 litteris
1178 1880 1547 1941 privilegialibus
1575 1881 1721 1925 inseri

135 1951 312 2007 solitisff
352 1951 537 1994 omnino
578 1949 1029 2011 comprehendantur
1067 1947 1280 2008 perinde,
1319 1962 1374 1992 ac
1410 1950 1449 1993 si
1489 1962 1550 1993 ex
1579 1948 1720 2005 justis

133 2019 305 2078 nuptiis
330 2019 427 2062 nati
464 2015 677 2062 fuissent.
717 2016 843 2062 Idem
870 2017 1022 2063 sentio
1051 2014 1107 2060 de
1133 2016 1272 2075 plena
1296 2015 1633 2074 legitimatione
1661 2027 1722 2058 ex

137 2086 286 2143 gratia
312 2084 556 2142 Principis„
595 2097 712 2143 quae
747 2084 858 2129 Jura
885 2083 1087 2128 familiae
1114 2082 1287 2139 tribuit,
1326 2088 1398 2128 ast
1422 2096 1515 2128 non
1542 2081 1720 2127 adver-

140 2164 218 2195 sus
247 2151 595 2194 successionem
618 2150 868 2196 haeredum
891 2150 1205 2209 legitimorum
1246 2149 1311 2207 1“)9
1339 2163 1400 2194 ex
1424 2157 1588 2195 natura
1613 2148 1721 2193 Pri-

140 2217 326 2275 vilegii‚
363 2229 526 2261 verum
563 2216 699 2264 Fisco
737 2224 911 2264 tantum
939 2217 1174 2278 decerpit„
1213 2216 1351 2277 idque
1389 2231 1474 2277 pro
1502 2228 1722 2262 mensura

138 2285 299 2342 regiae
351 2282 691 2343 Liberalitatis.)
747 2285 808 2332 ibi
844 2284 1093 2342 definitae„
1147 2285 1279 2342 cujus
1321 2283 1466 2331 solius
1507 2290 1607 2341 est7
1662 2280 1719 2326 de

136 2351 241 2406 jure
269 2363 381 2406 suo„
421 2358 637 2410 quantum
666 2352 813 2411 velit,
853 2351 1038 2398 cedere.

181 2468 211 2496 n)
240 2461 339 2493 1542.
367 2463 420 2494 50.
443 2463 561 2497 Diaet.
587 2465 669 2497 Pos.

181 2507 218 2544 b)
246 2509 345 2540 1550.
371 2510 425 2540 77.

186 2554 218 2587 e)
246 2555 346 2586 1687.
371 2555 424 2586 26.

185 2595 219 2637 ⁴¹)
249 2598 347 2631 1741.
372 2598 426 2631 41.

183 2646 215 2679 c)
242 2645 344 2677 1741.
371 2647 423 2677 17.

187 2687 221 2728 s)
249 2692 347 2724 1830.
376 2691 430 2723 17.

185 2744 219 2772 g,
250 2737 381 2769 Huszti
407 2737 439 2767 in
466 2736 630 2775 Tyrocin.
655 2737 733 2769 Jur.
761 2736 866 2777 hung.
889 2736 924 2768 L.
950 2735 981 2767 2.
998 2734 1069 2766 Tit.
1096 2731 1153 2766 49.

185 2783 221 2824 ¹¹)
247 2786 283 2816 P.
309 2785 335 2816 Ι.
361 2787 398 2815 ιι.
425 2782 501 2817 106.
529 2786 565 2814 et
591 2782 667 2815 108.

1342 2823 1468 2873 13³⁶
