1941 3143
253 147 348 194 170

249 260 538 320 potissimum
569 260 623 307 ab
668 263 809 309 initiis
844 261 1000 309 Seculi
1027 262 1129 309 XV.
1167 265 1384 310 continuo
1416 266 1460 310 in
1494 262 1676 325 legibus
1703 280 1838 312 com-

249 333 397 387 paret.
438 343 525 373 nec
554 330 747 374 eundem
778 345 962 390 semper
1000 328 1305 388 significatum
1329 332 1500 387 babuit,
1529 346 1615 377 nec
1643 333 1836 378 eandem

251 393 626 441 destinationem.
670 397 780 442 Cum
809 399 928 442 enim
967 396 1194 442 instabilis
1219 397 1361 455 soret,
1400 406 1535 459 atque
1573 399 1629 444 ad
1656 405 1835 461 tempus

251 465 583 509 tantummodo.
640 472 685 509 et
734 471 1104 526 praesentaneae
1155 464 1302 510 solnm
1354 466 1503 524 Regni
1543 469 1832 523 necessitati,

249 531 599 591 rationibusque
638 532 951 594 adtemperata
992 535 1035 577 in
1074 531 1280 578 Comitiis
1319 533 1680 589 decerneretur,
1734 532 1834 579 fere

250 596 442 643 subsidii
476 606 682 644 naturam
722 601 951 645 induerat..
991 606 1036 645 et
1062 614 1162 645 cum
1188 599 1276 645 hoc
1304 615 1534 661 persaepe
1568 616 1651 661 pro
1678 614 1832 661 syno-

248 666 371 711 nimo
402 666 667 712 sumebatur
683 666 739 692 ἢ
782 669 835 727 “).
876 668 993 723 Quid
1038 670 1195 712 mirum
1240 670 1397 727 igitur,
1434 670 1473 714 si
1511 667 1836 713 Contributio—

249 747 352 777 nem
387 748 412 778 e
436 734 672 780 nonnullis
705 735 1014 782 Decretorum
1052 735 1257 780 articulis
1295 750 1387 781 non
1427 737 1470 780 in
1511 734 1835 781 defensionem

247 799 400 860 Regni
437 803 669 862 praecise,
709 803 793 849 sed
821 806 865 849 in
904 802 1021 848 alios
1063 803 1340 863 quandoque
1368 802 1483 848 fines
1513 802 1724 862 publicos
1753 817 1835 849 sa-

251 875 441 925 cratam.
485 870 778 931 solutamque
810 870 958 916 fuisse
986 870 1216 915 observes
1259 869 1319 927 ¹³).

305 948 354 1002 *)
386 950 490 989 Dica
528 974 571 978 —
609 952 801 990 observat
821 952 978 990 erudite
999 951 1277 989 schunvisner
1301 950 1342 1000 c)
1363 973 1402 978 —
1432 950 1756 989 Jurisconsultis
1777 956 1840 990 est

364 1007 591 1054 Judicium,
623 1010 742 1055 actio,
778 1009 940 1047 libellus
964 1008 1177 1046 Actionem
1212 1007 1439 1051 continens,
1471 1006 1575 1045 alias
1600 1020 1696 1046 vero
1717 1020 1840 1047 exac-

362 1064 514 1102 tionem
549 1065 766 1114 publicam,
801 1071 842 1102 ut
875 1066 913 1102 in
948 1065 1021 1102 boc
1053 1063 1226 1102 articulo
1251 1063 1438 1113 (Deci-eti
1465 1063 1602 1103 Caroli
1636 1064 1668 1103 Ι.
1695 1068 1731 1112 §.
1753 1064 1835 1115 22)

364 1121 456 1158 item
493 1120 590 1159 l)iea
622 1121 726 1159 solet
758 1122 889 1171 accipi
922 1135 994 1172 pro
1028 1121 1199 1167 micola,
1247 1120 1380 1160 Gallis
1412 1120 1594 1160 Taille
1625 1121 1838 1172 Hungaris

361 1177 554 1222 Rovzts,
589 1178 627 1216 in
663 1191 739 1229 qua
771 1191 907 1217 rerum
942 1191 1133 1216 numerus
1167 1184 1400 1225 annotatur,
1434 1178 1499 1228 qui
1540 1179 1646 1228 apud
1681 1184 1838 1216 veteres

360 1232 585 1284 Hungaros
620 1234 778 1274 bacillis
813 1235 1066 1273 incidebatur
1097 1240 1213 1282 teste,
1247 1247 1361 1285 quem
1394 1235 1504 1283 citat,
1525 1234 1759 1273 Thuroczio
1780 1233 1837 1287 d).

275 1303 349 1358 Η)
384 1305 623 1344 Subsidium
657 1307 858 1346 strictiori
891 1320 1038 1353 seusug
1083 1307 1220 1358 prouti
1253 1306 1455 1344 recentior
1489 1306 1691 1353 legislatio
1724 1306 1838 1345 illius

362 1362 634 1414 significatum
668 1364 853 1409 adhibet,
899 1364 938 1402 in
972 1371 1163 1414 quantum
1199 1364 1425 1401 immediate
1467 1376 1489 1401 a
1530 1363 1708 1402 Domino
1749 1368 1838 1402 ter-

363 1419 486 1458 restri
517 1422 807 1470 praestandum
836 1422 982 1469 suerat,
1012 1420 1118 1472 leges
1144 1426 1301 1458 veteres
1335 1421 1388 1458 de
1423 1420 1640 1470 propria
1674 1420 1839 1459 bursa

363 1476 675 1516 solvendum
720 1478 826 1516 clare
865 1490 1026 1527 semper
1059 1477 1338 1527 exprimebant
1364 1478 1418 1529 ²).
1447 1476 1619 1517 Caetera
1651 1489 1674 1516 a
1706 1477 1839 1526 bonis,

363 1532 426 1572 vel
468 1535 599 1584 portis
633 1536 793 1574 decreta
822 1534 980 1573 colonis
1016 1534 1123 1572 serre
1156 1534 1352 1573 incubuit.

958 1659 1004 1714 ξ.
1046 1659 1157 1706 607.

695 1752 953 1798 Stabz‘le‘ter
990 1753 1106 1798 licet
1140 1753 1396 1812 adoptata.

383 1849 557 1895 Verum
586 1862 706 1894 anno
743 1851 885 1895 1715.
920 1848 1228 1895 dilabentibus
1271 1865 1452 1912 quaqua
1489 1862 1680 1896 versum
1719 1863 1839 1896 ocu-

247 1918 321 1973 lis7
360 1916 575 1977 exemplo
618 1917 807 1961 aliarum
841 1919 978 1961 etiam
1012 1931 1096 1976 per
1141 1917 1374 1977 Europam
1420 1918 1646 1971 Gentium,
1682 1916 1840 1974 Majo—

247 1984 374 2029 ribus
399 1985 592 2037 nostris.
634 1989 683 2027 ut
715 1986 1066 2042 praemiseram.
1106 1986 1308 2042 agnitum
1337 1984 1422 2028 fuit
1462 1984 1528 2040 Ο,
1567 1984 1839 2028 validio-

247 2065 367 2096 rem
404 2049 762 2108 regulatam
813 2049 1093 2094 militiam
1130 2064 1234 2110 pro
1277 2052 1433 2095 omni
1473 2055 1705 2096 eventu
1746 2052 1837 2094 in-

248 2115 689 2163 tertenendam
728 2129 902 2172 esse.
942 2116 1097 2161 hane
1135 2132 1285 2163 vero
1340 2119 1470 2162 sine
1520 2116 1837 2177 stipendio

251 2184 629 2237 subsistere.
669 2189 725 2228 et
767 2185 949 2227 istam
990 2186 1126 2229 sine
1160 2183 1639 2230 Contributione
1680 2198 1839 2228 com—

249 2252 452 2313 parari
502 2265 620 2296 non
671 2263 874 2311 posse.
951 2249 1242 2297 Contributio
1288 2254 1442 2312 itaque
1486 2253 1582 2309 jam
1627 2250 1684 2296 ad
1720 2250 1841 2296 huno

251 2318 390 2364 finem
419 2317 612 2373 directe.
652 2324 790 2377 atque
819 2319 954 2363 unice
989 2318 1161 2374 oblata,
1202 2318 1523 2379 destinataque
1549 2320 1720 2363 existit.
1753 2318 1839 2372 Qui

250 2385 447 2445 proinde
491 2384 893 2430 Contributionem
947 2385 1138 2430 Militiae
1190 2386 1431 2445 regulatae
1484 2384 1838 2430 intert-enendae

252 2467 390 2497 eausa
419 2459 525 2497 tune
556 2458 856 2512 temporanee
891 2452 1041 2498 solum
1069 2451 1302 2500 decretam
1343 2468 1396 2498 ae
1429 2455 1473 2498 in
1501 2449 1698 2511 singulis
1738 2449 1839 2497 Co-

289 2561 321 2600 a)
349 2563 449 2595 1601.
478 2562 507 2594 4.
532 2564 758 2596 36.—1638.
783 2565 812 2596 5.
834 2582 877 2587 —-
905 2565 1004 2598 1631.
1027 2567 1082 2599 61.

289 2619 323 2660 b)
352 2618 453 2651 1542.
478 2620 509 2651 8.
532 2617 627 2652 1543.
657 2621 708 2652 10.
726 2620 878 2654 —15t7.
902 2623 934 2654 8.
951 2639 983 2644 —
1008 2623 1107 2656 1556.
1132 2624 1163 2657 3.
1184 2625 1282 2656 1557.
1313 2624 1342 2656 3.
1370 2626 1404 2654 et
1432 2623 1461 2654 5.
1477 2642 1518 2647 —-
1536 2623 1634 2656 1609.
1657 2624 1711 2656 62.
1738 2623 1838 2656 1613.

355 2665 387 2697 9.
407 2682 449 2689 -
466 2665 566 2698 1618.
597 2667 649 2698 37.
678 2670 712 2698 et
735 2666 791 2699 40.
810 2669 908 2701 1625.
936 2671 992 2701 27.
1011 2687 1050 2692 —
1066 2671 1166 2703 1630.
1191 2672 1220 2703 5.
1249 2674 1285 2703 et
1303 2671 1333 2703 6.
1351 2685 1390 2696 ›-
1408 2668 1507 2701 1649.
1531 2670 1561 2701 5.
1582 2673 1618 2702 et
1640 2669 1695 2702 96.

298 2724 328 2762 ε)
357 2722 422 2764 Ορ.
447 2723 503 2755 cit.
530 2732 562 2764 p.
584 2723 662 2755 300.
688 2724 721 2755 in
751 2728 843 2756 nota.

295 2779 327 2818 d)
355 2781 486 2813 Chron.
507 2780 623 2821 Hung.
646 2782 684 2814 P.
719 2782 742 2812 1.
763 2781 798 2813 C.
827 2781 976 2814 XXXV.
1002 2783 1045 2814 de
1072 2783 1217 2816 Siculis.

296 2838 327 2877 e)
356 2841 395 2872 ln
415 2838 576 2879 exempto
598 2835 697 2870 1546.
724 2839 753 2869 5.
776 2854 820 2858 -
839 2839 939 2871 1563.
962 2840 1018 2872 25.

293 2895 331 2939 f)
357 2894 480 2938 Ejusd.
503 2896 594 2929 Anu.
615 2895 694 2929 Art.
719 2894 750 2929 8.
