1941 3143
1600 142 1689 187 103

227 251 472 303 „Civitatem
496 248 747 299 praedictam
779 261 822 287 se
854 261 979 288 causa
1001 247 1138 288 Studii
1168 246 1408 301 hujusmodi
1432 252 1692 291 transferen-

226 309 379 359 „tibus,
410 312 447 344 et
479 305 627 344 ibidem
654 306 923 353 morantibus,
955 305 1153 344 nonnulla
1176 311 1285 344 certa
1314 305 1537 359 Privilegia
1556 310 1692 347 duxe-

227 366 314 415 ‚‚ris
346 362 570 403 liberaliter
601 363 870 410 concedenda,
902 368 1024 413 prout
1055 362 1096 400 in
1129 362 1361 413 patentibus
1388 362 1559 403 Litteris
1587 365 1693 404 Tuis

227 422 347 471 „inde
379 418 600 465 confectis,
643 418 814 468 Tuoque
859 431 1003 469 magno
1045 418 1190 470 Sigillo
1229 419 1478 469 impendenti
1510 421 1694 469 munitis,

228 477 415 530 „plenius
457 475 691 514 continetur
733 478 835 514 etc.“
871 474 1088 514 Consimili
1126 475 1285 513 ratione
1326 475 1579 516 Bonifaeium
1613 476 1695 516 lX.

229 532 458 575 Pontificem
492 544 597 570 anno
635 530 754 570 1389.
798 531 986 582 generale
1019 532 1234 581 Studium,
1276 544 1348 582 per
1385 533 1695 585 sigismundum

228 596 429 637 creatum,
473 601 548 638 pro
582 600 692 627 more
724 587 859 627 Seculi
904 588 1205 635 ratihabuisse‚
1251 589 1473 628 constituto
1512 588 1697 643 ejusdem

228 652 424 700 perpetuo
456 644 713 685 cancellario
751 644 993 694 Praeposito
1024 644 1231 683 Ecclesiae
1263 646 1304 686 S.
1334 646 1460 695 Petri,
1490 646 1699 685 Inchoffe—

231 712 302 744 ru's
324 703 393 756 ³),
422 701 535 742 nullo
568 702 728 752 quidem
760 700 869 738 fonte
903 700 1104 749 indicato,
1148 702 1321 750 asserit,
1369 704 1439 741 sed
1472 703 1511 741 id
1543 704 1696 742 Romae

231 766 413 800 moratus
445 759 551 797 haud
585 758 706 796 dubie
739 756 829 795 visa
862 756 978 795 Bulla
1011 758 1228 804 notaverit,
1259 757 1451 811 rejiciens
1484 761 1533 798 ad
1556 759 1700 809 alium,

231 825 275 857 ut
304 817 393 868 ipse
425 815 588 862 fatetur,
622 814 752 853 locum
786 812 904 864 plura
935 813 975 851 in
1008 826 1091 852 rem
1125 814 1377 864 proferendi.

151 889 229 944 Μ)
259 887 450 935 Posonii‚
494 886 710 937 impetrata
740 885 906 936 praevie
938 884 1215 924 Concessione
1256 885 1374 925 Pauli
1404 886 1456 924 ΙΙ.
1488 886 1701 925 Pontificis

236 957 308 995 per
347 944 553 995 Regnum,
601 942 670 981 ubi
708 942 907 989 voluerit,
950 942 1138 981 Studium
1191 942 1379 994 generale
1421 944 1470 982 ad
1516 955 1702 982 normam

237 999 509 1039 Bononiensis
541 998 739 1049 erigendi.
772 1011 876 1037 anno
911 996 1031 1038 1467.
1064 998 1224 1037 Mathia
1255 999 1440 1047 volente,
1471 1012 1570 1050 opes
1603 1012 1702 1038 vero

237 1058 286 1095 ad
319 1057 356 1094 id
390 1056 674 1106 suppeditante
704 1055 866 1093 Vitezio
898 1054 1219 1106 Archiepiseopo
1252 1056 1526 1108 Strigoniensi
1550 1069 1702 1095 exsur-

237 1113 362 1159 rexit,
394 1113 499 1162 quod
541 1111 659 1149 nobis
689 1111 845 1150 Xistus
871 1110 1011 1149 Schier
1030 1111 1089 1162 b),
1123 1111 1342 1163 pluresque
1387 1113 1703 1164 diligentissime

237 1176 463 1207 recensent.
507 1167 646 1206 Fidem
689 1168 747 1206 rei
790 1167 915 1205 totius
949 1166 1044 1206 facit
1074 1167 1262 1217 Epistola
1303 1169 1438 1219 ipsius
1469 1169 1620 1208 Vitezii
1653 1170 1702 1208 ad

239 1223 361 1264 Cives
392 1223 697 1262 Posonienses:
731 1223 977 1271 „Credimus
1010 1246 1061 1250 —
1094 1224 1152 1262 ait
1183 1224 1225 1262 in
1258 1224 1329 1262 illa
1359 1225 1519 1264 Primas
1547 1249 1589 1253 --
1615 1226 1703 1264 Vos

234 1293 341 1329 „non
375 1279 590 1330 ignorare,
637 1281 742 1329 quod
786 1293 832 1318 ex
879 1280 1144 1319 concessione
1187 1281 1304 1320 Sedis
1348 1281 1635 1331 Apostolicae‚
1668 1288 1705 1320 et

237 1335 473 1386 „voluntate
519 1336 783 1373 Serenissimi
825 1335 993 1373 Domini
1033 1336 1157 1387 Regis
1200 1338 1333 1376 nostri
1375 1338 1606 1377 institutum
1649 1337 1705 1377 sit

235 1392 452 1441 „Studium
484 1390 670 1442 generale
702 1391 742 1429 in
775 1390 844 1429 illa
877 1390 1052 1430 Civitate
1075 1394 1163 1446 ⁰).“
1193 1393 1363 1432 Praeter
1393 1395 1528 1440 istam,
1570 1395 1705 1433 serius

237 1448 405 1487 alteram
438 1448 487 1487 ab
519 1448 658 1486 eodem
690 1447 825 1499 Rege,
865 1448 1076 1487 accersitis
1118 1449 1193 1488 hoc
1225 1449 1301 1488 fine
1333 1463 1353 1488 e
1386 1451 1565 1489 diversis
1595 1452 1705 1490 Pro-

239 1505 387 1543 vinciis
420 1504 522 1543 viris
555 1503 762 1542 doctrinae
796 1503 912 1542 laude
945 1505 1194 1555 conspicuis,
1232 1507 1502 1545 Scientiarum
1526 1508 1706 1546 omnium

238 1561 496 1601 Academiam
532 1559 664 1599 Budae
697 1560 829 1599 fuisse
854 1559 1105 1609 collocatam,
1136 1561 1262 1612 liquet
1283 1563 1442 1601 abunde
1464 1576 1510 1602 ex
1532 1563 1707 1614 epistola

239 1617 538 1668 nuncupatoria
567 1616 677 1655 Petri
721 1617 921 1656 Schvarcz
956 1617 1084 1668 (alias
1125 1618 1280 1670 Niger)
1314 1619 1554 1658 Academiae
1586 1618 1706 1673 ejus-

240 1675 327 1712 dem
360 1674 547 1713 Rectoris
579 1674 626 1711 ad
659 1673 857 1712 Mathiam
879 1674 948 1724 ἀ);
991 1673 1203 1713 confirmat
1242 1675 1283 1713 id
1315 1675 1449 1724 ipsum
1482 1676 1707 1727 ichnogra-

240 1730 357 1781 phica
388 1729 610 1779 descriptio
650 1730 810 1767 aedium
843 1730 1143 1779 spatiosarum,
1186 1744 1285 1781 quas
1326 1731 1535 1770 Fundator
1566 1733 1706 1771 muni-

241 1785 340 1825 ficus
374 1799 447 1837 pro
480 1785 720 1836 MagistriS,
765 1797 809 1822 ac
841 1785 1069 1836 Discipulis
1103 1799 1253 1836 ponere
1285 1787 1544 1835 moliebatur,
1576 1801 1598 1826 a
1621 1788 1706 1827 Ca-

240 1855 364 1892 sparo
394 1841 545 1893 Heltay
579 1841 717 1892 lingva
756 1841 975 1880 vernacula
1017 1843 1250 1892 posteritati
1292 1844 1563 1895 transscripta
1583 1844 1638 1895 Β),
1670 1850 1708 1883 et

242 1898 304 1937 vel
335 1911 382 1938 ex
413 1898 487 1937 hac
517 1898 567 1937 ad
599 1897 804 1949 designati
836 1898 974 1949 operis
1007 1900 1327 1951 magnitudinem
1364 1898 1568 1955 conjicere
1600 1901 1706 1942 licet.

818 2038 865 2093 ὃ.
894 2039 1006 2085 492.

555 2136 798 2183 Prot-eres
836 2139 973 2196 Reye
1010 2148 1268 2183 annuente.

260 2232 370 2276 Post
409 2231 584 2277 cladem
611 2233 955 2281 Mohacsianam
982 2234 1175 2281 Nicolus
1204 2233 1375 2279 Olahus
1412 2234 1563 2294 Regni
1601 2235 1707 2280 Pri-

126 2313 222 2343 mas
254 2305 531 2359 prostratam
559 2299 829 2347 Scholarum
861 2311 1035 2349 sortem
1061 2303 1222 2348 levare
1249 2303 1487 2358 connisus,
1515 2301 1706 2347 altiores

125 2365 497 2411 —Ferdinando
524 2366 556 2411 I.
596 2376 918 2414 annuente—
942 2384 1062 2415 anno
1103 2372 1242 2417 1559.
1297 2370 1564 2429 Tyrnaviae
1605 2371 1707 2429 pri-

127 2446 224 2477 mus
261 2434 470 2490 instituit,
507 2436 650 2480 variis
674 2437 869 2495 agitatas
906 2435 1043 2494 fatis,
1082 2437 1232 2483 donec
1280 2452 1305 2482 a
1341 2436 1706 2483 Successoribus

166 2596 197 2632 ³)
225 2598 289 2638 Op.
316 2602 350 2629 et
376 2599 458 2630 edit.
487 2600 546 2632 cit.
574 2609 604 2640 p.
630 2600 684 2632 79.

167 2652 202 2692 b)
230 2654 406 2686 Memoria
431 2655 537 2686 Aead.
565 2656 732 2696 letropol.
759 2656 884 2697 fragm.
912 2658 990 2690 hist.
1020 2659 1169 2692 Posonii
1195 2660 1291 2703 vulg.
1321 2670 1352 2702 p.
1379 2663 1411 2693 7.
1436 2665 1471 2694 et
1496 2670 1572 2702 seq.

166 2714 195 2734 c*
223 2711 323 2741 Hanc
351 2711 462 2751 Epist.
489 2712 669 2751 reperies:
699 2711 757 2752 3111
784 2721 879 2746 neuen
900 2713 1072 2757 ungurisd).
1099 2713 1251 2759 &Rugum
1276 2719 1315 2749 T.
1342 2719 1383 2750 n.
1408 2720 1446 2750 N.
1466 2719 1542 2749 Vll.
1571 2727 1601 2757 p.
1627 2717 1704 2750 132.

168 2764 199 2803 r¹)
230 2769 339 2806 Quam
367 2767 514 2807 Opellae
537 2777 623 2799 suae
650 2768 812 2809 praefixit
833 2770 941 2803 Titui.
968 2771 1089 2814 clypei
1114 2774 1357 2808 Tomistarum
1386 2779 1453 2808 etc.
1490 2773 1591 2807 Cous.
1618 2774 1705 2806 Val-

230 2813 349 2853 laezky
369 2821 493 2854 consp.
519 2814 619 2856 Reip.
647 2815 728 2846 Litt.
751 2825 780 2856 p.
803 2815 857 2848 86.
884 2820 920 2848 et
946 2826 1017 2858 seq.

167 2866 199 2912 e)
225 2869 264 2902 ln
281 2868 405 2904 Libro:
432 2870 592 2905 Kronika
614 2872 644 2904 a'
662 2872 871 2916 Magyarok·
893 2872 1078 2918 dolgairdl.
