1941 3143
166 81 230 127 56

166 207 361 251 eorum,
400 205 518 255 quae
557 207 642 255 per
682 193 872 240 alteram
912 196 1090 253 partem
1132 190 1483 249 desiderantum
1535 208 1755 256 suprema

167 262 368 323 denique
395 262 594 319 sanctio,
636 267 773 322 atque
802 260 907 306 dein
940 260 1377 321 promulgandarum
1402 262 1555 322 legum
1585 268 1756 307 aucto-

163 331 308 385 ritas3
347 329 548 375 omnium
575 336 704 375 certe
732 330 1022 373 comitiorum
1048 327 1182 387 leges
1220 334 1478 376 testantur.
1518 344 1599 374 eas
1627 343 1758 374 sem-

162 412 251 460 per
300 395 449 456 Regis
499 397 685 442 nomine
731 402 777 441 et
814 394 1162 457 promulgatas,
1212 402 1259 442 et
1300 399 1548 457 imperatas
1590 396 1755 454 fuisse,

166 478 442 527 quamquam
476 464 790 525 promulgatio
835 463 890 508 ad
916 462 1062 523 Regis
1101 465 1239 509 etiam
1279 465 1572 511 executivam
1613 470 1757 527 pote-

169 539 336 580 statem
376 530 548 577 referri
574 545 720 592 posse
745 529 976 577 videatur.
1015 531 1170 578 Antea
1210 530 1316 578 Rex
1340 532 1608 579 Praesidem
1636 546 1760 592 quo-

171 615 279 662 que,
315 613 451 660 quem
475 598 779 645 Personalem
813 600 1115 661 praesentiae
1150 603 1312 659 regiae
1353 602 1400 646 in
1433 600 1619 658 judiciis
1660 599 1760 645 Lo—

173 672 515 714 cumtenentem
552 665 699 712 fuisse
745 665 974 723 diximus,
1029 666 1084 711 ad
1120 667 1340 713 Tabulam
1381 668 1652 713 inferiorem
1697 682 1759 712 cx

172 750 258 782 suo
299 733 566 781 nominabat
606 734 818 792 delectu,
858 741 1094 796 postrema
1131 734 1327 782 Comitia
1364 735 1446 780 Jus
1490 735 1757 782 Praesidcm

173 803 262 851 sibi
289 817 314 850 e
340 801 558 850 membris
587 804 659 849 sui
685 801 885 864 Collegii
913 801 1117 863 eligendi
1145 802 1437 849 addixerunt.

870 938 918 994 ς.
958 938 1070 984 412.

547 1039 674 1084 Jura
700 1040 811 1083 item
844 1035 1124 1082 Οοηιϊῐϊαῖεζς
1154 1033 1381 1096 Colleyz'z'.

310 1133 347 1182 E
387 1149 622 1184 converso
660 1137 990 1197 cooperativus
1036 1137 1083 1180 in
1123 1133 1487 1194 Legislationem
1542 1133 1763 1195 influxus,

175 1205 361 1266 quodve
397 1218 459 1250 ex
495 1203 652 1250 indole
680 1203 815 1261 hujus
857 1205 1105 1265 provenit,
1144 1202 1341 1250 facultas
1368 1203 1542 1262 Regias
1571 1203 1761 1266 Propo—

176 1275 398 1329 sitioneS,
436 1272 581 1318 salvis
621 1271 827 1333 alioquin
854 1270 1215 1330 obligationibus
1243 1284 1268 1314 e
1308 1277 1565 1331 systemate
1593 1272 1763 1331 Regni,

173 1342 422 1403 legumque
451 1341 728 1385 auctoritate
769 1337 1140 1400 profluentibUS,
1180 1337 1522 1399 amplectendi,
1563 1346 1640 1385 aut
1675 1340 1764 1384 de-

175 1408 410 1465 elinandi,
477 1407 755 1456 Gravamina
779 1440 792 1463 ,
855 1413 901 1452 et
949 1404 1184 1452 Postulata
1234 1406 1564 1466 proponendi,
1628 1413 1766 1468 atque

176 1484 373 1523 eatenus
402 1489 503 1520 cum
527 1473 678 1534 Regia
716 1472 965 1532 Majestate
992 1472 1248 1530 tractandi,
1291 1481 1396 1519 sunt
1437 1473 1629 1519 totidem
1653 1475 1765 1520 Jura

177 1543 414 1600 Statibus,
455 1549 501 1588 et
540 1541 789 1588 Ordinibus
828 1540 1091 1586 diaetaliter
1132 1544 1434 1601 congregatis
1472 1541 1609 1598 olim,
1647 1556 1771 1587 nunc

176 1613 353 1675 pariter
381 1609 603 1656 comitiali
630 1611 819 1671 corpori
845 1623 935 1654 neo
966 1607 1178 1653 ordinato
1199 1642 1212 1664 ,
1254 1610 1326 1654 in.
1369 1616 1414 1654 et
1441 1610 1554 1654 citra
1583 1612 1768 1655 comitia

175 1682 366 1743 propria
383 1711 396 1735 ,
423 1692 478 1723 ac
503 1690 699 1739 prorsus
727 1677 911 1722 eximia.
952 1675 1028 1722 Ad
1052 1675 1170 1721 haec
1194 1674 1415 1736 Ablegati
1442 1675 1767 1734 Comitatuum,

175 1751 267 1794 nisi
312 1745 550 1807 gremialis
591 1743 822 1792 Nobilitas
863 1743 983 1789 hanc
1017 1757 1330 1805 expensarum
1368 1745 1573 1805 speciem
1618 1742 1771 1806 (quod

175 1816 297 1863 ultra
337 1813 570 1859 dimidium
606 1812 814 1859 seculum
841 1814 1062 1858 continuo
1092 1810 1254 1870 fiebat)
1284 1813 1330 1858 in
1367 1825 1418 1857 se
1446 1814 1764 1868 assumsisset,

175 1888 315 1946 prout
356 1888 402 1928 et
444 1879 692 1927 Civitatum
720 1895 744 1926 e
778 1881 1061 1941 respectivis
1091 1878 1249 1925 Cassis
1278 1879 1580 1925 domesticis:
1622 1878 1767 1940 Capi—

176 1951 377 1997 tulorum
401 1962 520 1996 vero
541 1982 554 2006 ,
594 1954 731 2008 atque
760 1947 1020 1994 absentium
1057 1961 1082 1991 e
1107 1948 1290 2006 privata
1328 1961 1515 1992 suorum
1543 1945 1769 1993 Commit-

176 2019 371 2064 tentium
397 2030 521 2078 penu
548 2014 791 2076 stipendiiS
811 2048 823 2071 ,
861 2013 1006 2073 vulgo
1035 2013 1209 2058 diurnis
1237 2013 1342 2059 inde
1372 2013 1425 2058 ab
1463 2028 1584 2059 anno
1613 2028 1770 2060 nona-

179 2087 360 2146 gesimo
388 2085 536 2147 primo
566 2082 712 2129 seculi
739 2083 911 2144 prioris
941 2087 1213 2127 constanter
1238 2080 1620 2143 providebantur.
1650 2082 1769 2127 Uni-

177 2167 320 2201 versa
367 2157 521 2198 autem
560 2149 763 2196 membra
817 2150 1066 2194 comitialia
1121 2148 1204 2194 sub
1244 2149 1375 2194 salvo
1430 2152 1772 2195 constituuntur

179 2220 437 2277 conductu,
476 2232 672 2281 quorum
713 2217 893 2264 scilicet
921 2219 1163 2263 securitati
1189 2215 1403 2262 Instituta
1443 2224 1621 2274 nostra,
1646 2232 1771 2279 poe-

178 2302 264 2335 nas
292 2290 338 2334 in
364 2287 470 2333 illos
496 2286 761 2349 peculiares
789 2284 1035 2331 statuendo
1063 2283 1149 2342 1’·),
1190 2287 1266 2345 qui
1294 2284 1528 2331 individua
1546 2319 1558 2341 ,
1586 2284 1643 2330 ad
1670 2284 1770 2330 Co-

178 2358 305 2402 mitia
340 2356 647 2418 pertinentia,
685 2352 873 2409 verbis,
914 2351 1144 2413 factisque
1186 2353 1429 2411 injuriosis
1456 2353 1769 2408 lacesserent,

178 2429 479 2485 prospectum
517 2421 781 2468 voluerunt.
821 2420 982 2466 Obiter
1020 2419 1222 2476 adnoto,
1273 2419 1452 2466 salvum
1494 2419 1770 2465 conductum

181 2490 239 2536 ad
265 2493 616 2551 conscriptores
641 2488 880 2545 locorum,
919 2494 1056 2549 prout
1084 2494 1130 2533 et
1163 2487 1219 2534 ad
1258 2486 1461 2533 membra
1487 2486 1772 2548 Deputatio-

182 2560 273 2615 nis,
302 2572 420 2619 quae
449 2559 702 2602 occasione
733 2555 979 2601 electionis
1005 2570 1198 2601 munere
1226 2569 1310 2601 suo
1340 2554 1626 2614 defungitur,
1653 2567 1772 2617 pro-

186 2625 344 2682 tendi,
384 2626 460 2686 qui
499 2622 696 2685 proinde
736 2638 796 2669 ex
821 2623 892 2669 his
932 2638 1208 2686 quemquam
1233 2623 1398 2680 laedit,
1437 2622 1562 2667 illum
1601 2621 1772 2668 actioni

182 2693 408 2738 criminali
437 2691 698 2750 subjacere.

239 2773 291 2829 ἡ)
325 2772 538 2822 Criminis,
570 2773 676 2824 quod
707 2777 803 2812 nota
833 2770 1092 2813 Infidelitatis
1125 2772 1245 2812 nobis
1278 2771 1442 2819 dicitur,
1473 2769 1532 2810 rci
1562 2768 1772 2809 habeban-

295 2836 387 2885 tur,
416 2830 796 2884 mulctabanturque
844 2834 984 2881 antea,
1027 2829 1097 2882 qui
1134 2829 1364 2871 libertatem
1394 2828 1565 2870 Diaetae
1593 2826 1773 2875 turbare,
