1941 3143
1704 115 1732 161 7

148 219 355 269 niensiS.
407 227 453 266 et
499 220 609 266 Lud.
663 221 766 265 Alb.
821 219 1052 267 Gebhardi
1096 219 1152 265 de
1195 223 1377 281 origine
1431 224 1732 272 Monarchiae

147 287 439 347 Hungaricae
485 294 591 332 sunt
629 290 951 343 commentati„
991 301 1185 347 quorum
1212 288 1290 333 ille
1333 291 1374 347 ³)
1405 290 1591 336 Geisam
1617 293 1731 338 Ste-

147 353 284 415 phani
335 354 367 398 I.
408 354 588 399 Patrem
639 361 767 415 putat
823 354 1041 412 suffragio
1092 355 1283 414 populi„
1345 363 1392 401 et
1450 357 1632 403 Ottonis
1673 360 1729 404 II.

149 421 364 466 Caesaris
392 420 556 466 favore
585 435 805 466 summum
831 421 1077 482 Imperium
1114 431 1432 477 consecutum.
1458 424 1730 485 Regemque

149 494 352 533 creatum
389 487 552 533 fuisse.
590 487 684 533 Iste
727 486 769 546 b)
810 494 1091 549 potestatem
1130 488 1336 548 Arpadi.‚
1387 505 1488 536 cum
1527 494 1728 536 caeteris

147 554 375 612 VaJvodis
420 557 465 599 in
504 555 683 615 reliquo
725 570 910 616 parem.
961 557 1006 600 in
1055 553 1265 601 ducendo
1317 557 1465 603 solum
1517 561 1730 604 exercitu

146 621 291 666 fuisse
321 624 610 684 superiorem
637 623 957 667 contenderet.
995 620 1110 666 Nam
1146 627 1402 668 sententias
1428 627 1542 669 istas
1570 624 1726 670 histo-

145 690 229 734 rici
256 690 415 734 strictc
443 692 716 748 argumenti.
734 688 1186 734 refutaruntabunde
1202 690 1409 736 Joannes
1429 692 1646 737 Severini
1669 693 1728 750 ο),

147 756 376 815 Georgius
418 756 739 815 Sigismundus
781 756 937 802 Lakits
981 753 1056 814 d),
1094 771 1182 801 nec
1207 772 1302 803 non
1327 759 1505 803 Auctor
1530 759 1728 804 Disser—

146 826 332 869 tationis
369 823 594 869 hiStorico
636 827 854 880 criticae,
892 838 1034 884 super
1071 823 1341 883 quibusdam
1366 826 1730 872 vestustioribus

145 905 297 936 rerum
323 891 677 951 hungaricarum
705 890 931 953 capitibus
976 891 1016 949 Β)
1035 925 1048 948 a
1087 891 1256 952 aliique
1292 894 1568 939 nostratium
1595 907 1729 955 quam

146 958 341 1019 plurimi.

849 1073 896 1127 ἓ.
935 1072 1037 1117 XII.

458 1172 596 1216 Juris
630 1170 932 1229 prudentiae
960 1170 1197 1228 publicae
1233 1173 1405 1218 Notio.

276 1266 451 1312 Notitia
503 1267 677 1325 Legum
715 1267 1000 1326 publicarum
1051 1282 1140 1312 nec
1177 1269 1416 1329 vulgaris.
1465 1287 1553 1317 nec
1601 1287 1729 1317 merc

141 1334 394 1381 historica.
433 1334 534 1379 solo
587 1334 808 1378 duntaxat
856 1348 941 1377 usu
992 1343 1284 1394 comparata.
1324 1338 1407 1382 sed
1459 1353 1519 1383 ex
1556 1341 1730 1398 genui-

140 1402 212 1446 nis
261 1403 529 1462 principiis,
570 1400 736 1462 quibus
783 1403 887 1456 vis.
928 1415 982 1444 ac
1019 1407 1231 1460 potestas
1283 1404 1403 1462 legis
1445 1409 1725 1462 continetur,

140 1471 227 1513 rite
278 1468 501 1525 deducta,
542 1470 779 1514 constituit
819 1467 1070 1513 Scientiam
1119 1467 1245 1514 Juris
1294 1470 1494 1530 publici3
1534 1487 1651 1532 quae
1692 1476 1731 1518 si

141 1537 388 1593 conjuncta
416 1542 487 1580 est
514 1550 615 1580 cum
641 1535 796 1580 habitu
820 1534 931 1580 illud
957 1534 1014 1579 ad
1044 1549 1198 1593 casus,
1225 1543 1270 1582 et
1288 1543 1474 1598 species
1502 1541 1548 1584 in
1562 1540 1727 1600 Regno

140 1610 444 1648 occurrentes
480 1602 734 1664 prudenter
773 1602 1063 1663 applicandi.
1118 1603 1493 1665 Jurisprudentia
1542 1607 1725 1668 publica

140 1669 309 1715 evadit.
351 1670 567 1716 Continet
593 1672 749 1730 itaque
776 1670 1021 1724 theoriam.
1060 1686 1114 1716 ac
1147 1675 1329 1731 praxim
1353 1707 1364 1730 ‚
1403 1681 1452 1719 ut
1478 1677 1600 1720 enim
1625 1674 1719 1731 illa.

140 1739 228 1782 nisi
255 1737 310 1782 ad
337 1752 468 1782 usum
496 1737 681 1782 civilem
706 1743 931 1782 revocata
949 1771 960 1792 0
1000 1737 1101 1782 fere
1141 1741 1309 1796 otiosa.
1337 1740 1566 1786 interdum
1591 1743 1725 1802 peri-

141 1804 301 1849 culosa
341 1804 417 1861 fit3
455 1807 517 1849 ita
557 1803 674 1849 haec
709 1804 831 1849 illius
863 1804 1100 1865 praeSIdio
1145 1805 1394 1865 destituta,
1433 1807 1608 1855 lubrica
1637 1811 1724 1855 erit

140 1885 353 1934 semper,
393 1879 439 1918 et
464 1886 653 1932 anceps.

826 2006 872 2061 ὃ.
912 2005 1036 2052 XIII.

523 2107 648 2164 Esus
685 2105 884 2158 utililas,
926 2115 974 2151 et
1001 2111 1334 2165 prae-stanna.

270 2205 480 2265 Adparet
516 2206 594 2250 vel
634 2220 695 2250 ex
732 2207 819 2261 iis,
862 2219 979 2264 quae
1020 2203 1217 2250 hucdum
1259 2206 1379 2252 dicta
1419 2214 1550 2264 sunt.
1590 2223 1723 2269 quam

136 2272 335 2332 perutile
361 2273 439 2317 vel
467 2273 574 2317 olim
600 2272 756 2329 fuerit7
786 2281 923 2334 atque
952 2273 1089 2318 etiam
1114 2273 1250 2319 modo
1279 2273 1356 2319 fiat
1380 2276 1483 2321 viro
1502 2275 1721 2335 Hungaro

136 2338 247 2384 Jura
275 2339 435 2385 Gentis
478 2354 620 2397 suae.
661 2340 812 2401 qualia
855 2340 971 2386 haec
1009 2341 1131 2385 omni
1158 2348 1310 2387 aetate
1337 2344 1591 2403 viguerint,
1631 2358 1723 2403 ge-

137 2408 275 2451 nuine
314 2421 487 2463 nosse„
533 2422 686 2467 neque
737 2422 937 2453 erronee
985 2410 1199 2465 versari.
1252 2416 1330 2455 aut
1370 2412 1642 2471 ignoranter
1679 2413 1724 2456 in

138 2476 360 2530 scientia,
400 2489 517 2534 quae
544 2474 656 2519 Jura
681 2475 937 2536 Principis,
975 2489 1029 2519 ac
1064 2475 1361 2523 Subditorum
1401 2485 1558 2524 mutua
1585 2478 1726 2523 exhi-

137 2539 243 2597 bet,
282 2540 568 2602 formamque
616 2542 910 2602 Regiminis‚
959 2541 1226 2606 limitesque
1280 2547 1427 2593 omnis
1477 2546 1723 2608 potestatis

177 2667 207 2701 λ)
234 2668 353 2703 111an.
382 2669 448 2700 sub
476 2670 588 2701 Geisa
614 2673 683 2703 Ano
706 2673 804 2706 1769.
833 2673 916 2704 edit.

176 2713 211 2748 h)
238 2711 405 2754 fficfcbidate
430 2716 482 2748 res
509 2713 633 2758 ffleidyess
661 2717 802 2759 Ungarn,
832 2719 998 2751 editionis
1025 2729 1123 2751 meae
1152 2730 1231 2764 pag.
1256 2723 1334 2756 378.

176 2764 209 2795 0)
236 2760 273 2790 In
301 2760 454 2792 Pannou.
482 2766 592 2794 veter.
620 2774 772 2796 monum.
803 2766 911 2798 must.
941 2767 974 2797 1..
1000 2767 1052 2798 10.
1079 2768 1114 2798 C.
1143 2768 1172 2799 6.
1201 2779 1232 2810 p.
1260 2771 1339 2802 373.
1366 2773 1402 2802 et
1429 2778 1503 2810 seq.

177 2806 210 2839 d)
237 2806 289 2836 De
316 2807 453 2838 haered.
482 2810 627 2842 suceed.
652 2812 741 2842 Jure
768 2812 909 2844 Ducum
937 2812 1062 2852 primo,
1090 2813 1203 2848 deind.
1230 2817 1318 2859 Reg.
1343 2814 1378 2848 in
1403 2815 1572 2859 flung-C·
1600 2812 1673 2856 1.§.
1689 2814 1721 2848 3·

178 2856 210 2892 ⁶)
236 2852 380 2887 Posonii
406 2854 489 2889 edit.
517 2857 620 2889 Anno
647 2858 750 2891 1833.
778 2867 811 2900 p.
839 2859 892 2893 16.
919 2862 954 2892 et
983 2867 1059 2900 seq.
