1941 3143
220 135 312 180 168

915 250 961 303 ὃ.
1003 249 1114 295 604.

666 332 795 388 Quid
827 334 1013 378 Portae
1049 332 1350 391 decianam?

350 431 621 478 Accedente
650 433 819 491 quippe
840 430 1176 488 Praelatorum,
1215 437 1261 477 et
1286 432 1517 477 Baronum
1544 440 1657 479 voto
1683 447 1806 478 una-

216 500 341 557 nimi,
380 506 426 544 et
468 499 523 543 de
566 512 803 543 consensu
839 497 1095 543 eorundem
1135 498 1343 546 decrevit
1382 500 1577 546 Carolus
1606 536 1618 557 ,
1658 507 1705 546 ut
1749 502 1805 547 de

216 568 412 628 singulis
444 567 614 624 Portis,
648 580 732 626 per
772 580 886 626 quas
915 580 1077 610 currus
1116 565 1277 624 foeno,
1314 568 1390 614 vel
1432 567 1641 627 frugibus
1683 583 1806 614 one-

215 643 342 680 ratus
371 635 570 679 transire
607 640 764 694 potest
793 632 846 691 ⁴²)
872 668 884 690 ,
947 635 991 678 in
1032 637 1200 693 quovis
1241 636 1470 681 Comitatu
1511 640 1569 681 18
1610 637 1804 693 denarii,

217 704 320 748 sive
373 709 468 746 tres
529 701 607 745 lati
648 702 805 760 grossi
843 701 1161 761 dependantur
1192 701 1314 761 *³53
1365 703 1568 748 Eandem
1618 707 1805 749 contri-

217 769 388 815 buendi
428 770 655 814 rationem
686 772 978 814 retinuerunt
1005 769 1269 815 Ludovieus
1311 771 1369 816 M.
1409 778 1452 815 et
1496 771 1718 816 Albertus
1762 773 1804 827 ³³)

215 844 383 899 postea
416 838 784 896 copiossissimis
811 836 992 895 legibus
1034 845 1346 883 memoratam.
1386 838 1551 883 Modus
1579 853 1694 885 vero
1722 852 1806 900 per

215 905 380 950 Portas
406 903 692 965 repartiendi
718 903 1018 963 Sigismundi,
1048 920 1101 949 ac
1126 905 1326 950 Mathiae
1354 906 1568 950 Decretis
1610 905 1654 961 ¹³)
1690 920 1807 964 pro—

216 972 369 1029 batus,
409 973 620 1032 quamvis
659 974 896 1033 posterior
947 972 1080 1016 aliam
1131 986 1300 1017 census
1342 976 1546 1032 speeiem
1586 972 1807 1016 inducere

216 1042 470 1086 tentaverit
494 1037 626 1097 ὕῖνῦνἼ,
678 1054 771 1085 non
798 1039 946 1083 solum
986 1040 1032 1082 in
1059 1038 1208 1084 Lucro
1240 1038 1493 1095 Gamerae,
1547 1039 1697 1085 donee
1729 1040 1809 1084 vi—

217 1110 332 1167 guit,
381 1121 545 1153 verum
585 1108 708 1150 cirea
758 1106 1175 1164 contributionem,
1239 1106 1535 1167 subsidiaque
1586 1109 1647 1152 ita
1687 1121 1809 1152 eon-

218 1181 396 1221 stanter
420 1180 632 1219 retentus
659 1172 830 1228 fuerat,
868 1180 918 1218 ut
955 1173 1151 1218 hucdum
1178 1176 1315 1220 etiam
1342 1177 1386 1219 in
1413 1174 1481 1219 his
1508 1174 1658 1219 ideale
1688 1174 1809 1219 istud

216 1257 301 1304 pro
329 1256 545 1287 mensura
572 1240 725 1300 Regni
750 1240 1158 1287 Jurisdictionibus
1195 1242 1448 1296 deservIat,
1488 1256 1677 1301 quarum
1705 1244 1809 1286 cui-

217 1310 330 1357 libet
356 1323 594 1354 numerum
620 1308 862 1353 Portarum
889 1308 1098 1353 admetiri
1128 1308 1185 1354 ad
1210 1309 1361 1369 Regni
1389 1309 1585 1355 Comitia
1613 1315 1806 1370 spectat.

275 1390 319 1444 *)
352 1391 486 1443 Leges
505 1390 755 1430 recentiores
779 1389 820 1442 c)
854 1390 930 1428 hoc
961 1390 1140 1441 spatium
1167 1391 1225 1430 sic
1249 1389 1461 1438 definiunt,
1496 1396 1536 1429 ut
1562 1403 1681 1429 unam
1699 1390 1809 1429 Por-

332 1454 414 1487 tam
448 1448 599 1487 faciant
642 1453 815 1498 quatuor
856 1448 1001 1486 domus
1047 1446 1161 1498 (sive
1203 1447 1448 1497 Sessiones)
1492 1446 1738 1486 colonicales
1772 1452 1811 1486 et

333 1504 525 1544 similiter
546 1506 692 1543 domus
717 1504 1006 1556 inquilinariae
1035 1505 1246 1543 duodecim
1270 1517 1389 1544 unam
1411 1504 1591 1543 Portam.
1624 1504 1810 1543 Nomen-

335 1561 456 1601 clatio
501 1562 718 1601 Portarum
766 1561 1174 1612 palatinalium,
1221 1575 1312 1601 nam
1355 1562 1574 1613 aliquando
1606 1561 1808 1613 Regni-

335 1618 548 1658 colares
597 1619 856 1665 dicebantur,
903 1630 1009 1656 anno
1048 1618 1166 1659 1741.
1202 1641 1252 1646 —
1299 1618 1380 1657 nisi
1427 1618 1548 1657 fallor
1592 1639 1643 1645 -
1677 1618 1811 1669 prima

335 1676 516 1715 omnium
549 1676 638 1715 vice
670 1676 902 1715 adhibetur.

249 1745 324 1800 Η)
360 1747 510 1787 Grossi
541 1747 628 1795 lati,
662 1760 764 1798 quos
799 1746 975 1787 Carolus
1009 1759 1080 1786 sex
1112 1747 1293 1786 denariis
1326 1747 1587 1799 aequiparat,
1629 1747 1677 1785 ad
1711 1745 1810 1785 imi-

332 1805 526 1844 tationem
561 1804 928 1855 Neapolitanorum
962 1804 1216 1843 feriebantur
1237 1804 1296 1857 d)‚
1331 1804 1421 1843 licet
1453 1816 1524 1843 eos
1547 1803 1811 1855 famigeratos

335 1862 430 1901 illos
461 1862 691 1913 Pragenses
727 1861 864 1900 valore
887 1874 1085 1912 aequasse
1114 1862 1328 1900 observem
1353 1861 1415 1911 ῆς
1450 1868 1565 1900 erant
1589 1860 1694 1899 enim
1719 1857 1811 1912 ejus

334 1919 570 1971 probitatis,
604 1924 646 1957 ut
679 1918 975 1970 quinquaginta
1009 1931 1184 1957 marcam
1209 1931 1328 1956 unam
1355 1919 1514 1969 argenti
1540 1923 1629 1956 octo
1667 1918 1812 1957 uncia-

335 1989 424 2014 rum
458 1975 687 2021 effecerint,
729 1976 835 2025 quod
869 1974 987 2012 nobis
1021 1988 1067 2012 ex
1099 1974 1273 2012 Litteris
1305 1974 1468 2012 Nicolai
1500 1973 1693 2012 Monoslo
1727 1975 1813 2011 Ar-

337 2031 590 2082 chiepiscopi
624 2031 923 2082 Strigoniensis
957 2030 1134 2068 illustris
1167 2031 1335 2068 condam
1373 2029 1513 2067 Palma
1550 2029 1728 2067 ostendit
1749 2028 1809 2081 f).

337 2088 609 2138 Posteaquam
653 2100 750 2125 vero
793 2087 986 2138 insigniri
1025 2087 1142 2125 divae
1175 2086 1364 2136 Virginis
1398 2087 1534 2137 effigie
1566 2086 1813 2135 coepissent,

340 2145 389 2183 ab
422 2145 501 2182 ista
532 2143 712 2182 Mariani
758 2144 1007 2195 (hungarice
1049 2143 1282 2192 Marias)
1333 2143 1533 2181 nominati
1567 2142 1733 2180 suerunt
1753 2142 1812 2191 8).

341 2201 469 2247 Quam
503 2201 679 2251 speciem
713 2206 896 2239 monetae
929 2200 1037 2239 domi
1071 2207 1238 2238 nostrae
1271 2206 1454 2245 enatam,
1498 2198 1669 2249 cudique
1704 2197 1815 2237 soli-

341 2263 421 2297 tam
455 2265 547 2296 ante
586 2257 900 2296 semisaecutum
947 2257 1077 2296 adhuc
1109 2257 1148 2295 in
1193 2269 1317 2295 cursu
1350 2257 1488 2294 videre
1522 2254 1690 2307 vulgare
1723 2254 1815 2293 fuit.

229 2326 331 2384 ὶιξὶΗ)
366 2329 544 2369 Mathias
576 2342 652 2380 pro
683 2329 820 2368 Lucro
856 2328 1066 2377 Gamerae,
1099 2328 1451 2368 consentientibus
1479 2327 1609 2379 Regni
1638 2325 1814 2365 Ordini-

344 2387 436 2436 bus,
469 2386 733 2425 tributum
766 2385 912 2425 Fisci
945 2385 1162 2438 Regalis
1206 2390 1402 2436 perpetuo
1437 2385 1677 2423 duraturum
1709 2383 1814 2422 sub-

269 2488 302 2524 ·)
330 2489 431 2522 1351.
457 2488 489 2523 4.
517 2491 547 2523 5.
574 2493 610 2522 et
637 2491 689 2522 12.
716 2488 817 2523 1439.
843 2491 875 2523 6.
905 2494 941 2523 et
967 2492 998 2523 7.

268 2545 304 2583 b)
331 2544 432 2579 141¹.
458 2548 490 2579 2.
517 2550 553 2579 et
580 2545 681 2579 1'471.
709 2548 764 2579 11.

270 2601 301 2641 c)
330 2604 431 2636 1609.
458 2604 514 2636 62.
542 2621 578 2626 -
610 2605 713 2636 1618.
739 2603 794 2636 [Η.
826 2604 924 2636 1635.
953 2603 984 2637 G.

277 2659 313 2703 d)
340 2661 592 2694 Schonvisner
619 2662 650 2691 in
678 2661 741 2702 Op.
769 2662 879 2693 toties
907 2662 966 2693 cit.
995 2662 1093 2694 Diss.
1119 2661 1180 2693 111.
1209 2661 1246 2694 C.
1272 2663 1299 2693 1.
1325 2671 1354 2703 p.
1384 2661 1460 2693 189.

272 2722 302 2761 v)
329 2721 382 2751 De
419 2721 483 2750 nac
521 2719 616 2749 Mon.
651 2727 747 2758 spec.
785 2718 848 2758 leg.
886 2718 1010 2750 Gelas.
1047 2718 1193 2750 Dobner
1229 2718 1325 2750 Diss.
1361 2727 1414 2759 ap.
1453 2719 1545 2758 Pray
1573 2715 1696 2748 Annal.
1727 2715 1814 2755 neg.

336 2767 455 2807 flung.
482 2766 519 2797 Ρ.
547 2765 588 2796 Π.
616 2764 657 2795 ad
685 2773 813 2795 annum
844 2763 942 2796 1412.
1541 2766 1544 2768 '

275 2821 309 2862 s)
338 2824 417 2856 Not.
445 2823 534 2864 neg.
561 2822 678 2862 flung.
705 2821 746 2854 Τ,
773 2822 798 2852 1.
827 2833 855 2863 p.
883 2821 960 2854 131.

274 2879 309 2923 ε)
337 2881 439 2916 Ceut,
467 2879 724 2921 Senonvisner,
753 2878 815 2921 Op.
842 2877 901 2911 cit.
927 2877 1027 2911 Diss.
1060 2877 1119 2910 111.
1148 2877 1184 2910 C.
1209 2878 1269 2910 111.
1296 2887 1328 2920 p.
1353 2876 1434 2912 234.
1462 2881 1498 2912 et
1523 2885 1600 2917 seq-
