1941 3143
1587 112 1682 160 159

99 229 362 292 complures
404 227 471 286 ⁸).
508 233 553 274 et
578 234 627 273 ut
652 236 864 276 veterem
891 227 1028 272 etiam
1053 222 1339 287 Scriptorem
1367 223 1413 270 in
1438 238 1535 270 rem
1561 238 1682 287 pro-

97 312 293 354 voce1n‚
331 296 438 343 Otto
465 294 780 356 Frisingensis
825 295 898 353 ¹³),
937 292 1183 341 manifeste
1210 290 1464 338 declarant.

793 429 841 484 ἓ.
884 431 993 477 590.

404 529 540 573 Varie·
561 525 834 588 aliquando
862 528 998 572 ,Iuris
1023 527 1169 582 hujus
1195 525 1388 573 limite&

236 624 429 670 Variant
454 631 605 669 tamen
631 624 833 670 Decreta
860 624 1040 683 Regum
1066 625 1112 668 in
1138 622 1263 668 Juris
1290 621 1485 679 hujusce
1510 620 1685 681 regalis

101 699 192 737 tam
219 691 445 750 objectis,
486 706 618 751 quam
657 691 736 737 vel
769 693 967 735 maxiine
1006 692 1052 735 in
1092 689 1300 747 ejusdem
1339 690 1566 734 exercitio
1596 688 1686 733 de-

101 758 318 804 finiendo.
366 758 632 805 Ludovicus
672 758 854 818 quidem
891 757 980 802 1106
1018 759 1205 802 1101111116
1241 758 1414 817 primus
1453 755 1570 801 adeo
1599 754 1686 801 sihi

100 825 221 871 istud
246 828 483 887 proprium
510 827 728 883 asseruit7
759 831 807 869 ut
831 825 1185 885 possessiones,
1214 825 1260 868 in
1287 822 1450 883 quibus
1478 824 1685 868 minerae

101 896 428 953 reperiuntur,
469 896 508 938 51
544 893 717 947 vellet,
758 906 871 951 erga
909 891 1212 951 aequivalens
1251 888 1555 936 vindicandas
1583 896 1686 935 513-

104 961 244 1004 tuerit
285 960 341 1017 ο).
379 960 574 1005 Remisit
600 959 654 1004 311
682 959 771 1004 1106
791 960 950 1018 rigore
993 957 1315 1018 sigismundus
1335 991 1347 1013 a
1385 956 1578 1002 liberam
1605 955 1687 1001 fo-

102 1025 308 1071 dinarum
351 1026 573 1072 culturam
612 1027 777 1086 cuique
803 1027 848 1071 in
874 1027 1064 1086 proprio
1103 1024 1247 1071 fundo
1276 1023 1574 1080 admittendo„
1601 1037 1686 1068 re-

101 1100 290 1138 servata
330 1100 482 1139 tamen
521 1093 703 1138 dimidia
742 1092 919 1138 fructus
961 1099 1118 1153 parte,
1162 1093 1363 1152 jureque
1396 1092 1687 1151 praeemtio-

102 1160 172 1204 nis
215 1156 273 1219 d).
322 1159 519 1205 Mathias
561 1161 792 1207 Corvinus
835 1160 1061 1206 Ludovici
1102 1160 1481 1206 constitutionem
1521 1159 1688 1204 iterum

101 1227 305 1272 restituit
346 1227 417 1284 ⁰];
456 1242 481 1271 3
517 1241 607 1287 quo
643 1234 753 1288 post
788 1228 889 1285 ejus
931 1227 1133 1283 obitum.
1173 1227 1491 1273 successores
1533 1225 1685 1270 denuo

100 1300 402 1339 recesserunt
437 1308 523 1355 per
548 1294 731 1354 legem,
770 1294 937 1340 limites
958 1295 1077 1353 juris
1115 1294 1310 1352 hujusce
1336 1300 1569 1354 uteunque
1599 1291 1687 1337 de-

102 1358 337 1405 finientem
385 1358 434 1422 f).
506 1360 624 1407 Huic
672 1363 809 1407 etiam
857 1363 1066 1407 innititur
1117 1361 1346 1407 ordinatio
1386 1359 1689 1406 Maximiliani

102 1425 345 1485 Caesaris,
383 1428 609 1489 simulque
647 1428 792 1489 Regis
818 1427 1083 1489 Hungariae
1109 1427 1180 1487 ⁴⁶),
1209 1442 1327 1489 quae
1366 1442 1427 1473 ex
1450 1428 1605 1487 legum
1631 1425 1689 1471 ad

100 1493 222 1539 illam
247 1498 602 1556 provocantium
629 1498 905 1542 auctoritate
946 1497 989 1555 g)
1005 1530 1018 1553 0
1045 1503 1092 1543 et
1115 1495 1415 1542 observantia
1440 1501 1686 1556 perpetua,

100 1562 146 1607 in
187 1570 405 1622 quantum
443 1566 594 1610 serius
631 1565 942 1610 variationem
976 1578 1072 1611 non
1111 1562 1284 1622 subiit,
1321 1561 1412 1609 hoo
1446 1564 1494 1609 in
1518 1562 1685 1607 merito

100 1642 185 1689 pro
212 1643 374 1676 norma
398 1629 646 1677 hodiedum
674 1631 856 1677 decidit.

156 1724 205 1778 ὕ)
235 1724 376 1765 Edidit
419 1739 506 1766 eam
547 1727 859 1766 maximilianus
901 1726 1042 1778 lingva
1082 1725 1317 1765 theutonica
1335 1724 1380 1778 ιι)
1420 1737 1527 1764 anno
1562 1721 1685 1764 1573.

213 1783 278 1822 die
311 1782 378 1821 16.
410 1781 625 1822 Februarii
657 1784 790 1835 primo
825 1782 985 1835 quidem
1019 1783 1069 1821 ad
1102 1788 1257 1832 septem
1299 1783 1493 1821 duntaxat
1520 1785 1686 1819 monta-

213 1851 287 1877 nas
321 1838 546 1887 Civitates,
590 1852 691 1879 usus
723 1846 855 1879 tamen
888 1845 1034 1890 postea
1075 1840 1245 1878 eandem
1277 1837 1554 1877 universalem
1584 1837 1686 1876 red-

215 1895 334 1936 didit.
372 1896 645 1935 Accesserunt
676 1896 958 1948 explanatoria
988 1895 1205 1947 Rescripta
1242 1895 1376 1945 ipsius
1408 1892 1534 1947 hujus
1570 1893 1683 1933 Cae·-

214 1951 337 1998 saris,
371 1957 408 1990 et
439 1952 643 1992 recentius
674 1954 833 1993 Mariae
846 1952 1072 1993 Theresiae
1094 1953 1148 2006 ἰ),
1181 1957 1218 1992 et
1249 1952 1454 1992 tardiores
1485 1950 1683 2002 quaedam

212 2007 533 2048 immutationes.

794 2099 841 2154 ὃ.
883 2099 994 2146 591.

99 2187 400 2234 Extendilur
423 2188 574 2235 hodie
599 2205 794 2250 quoque
836 2192 906 2238 acl
929 2194 1245 2250 privatorum
1269 2188 1682 2247 Metalle'fodz‘nas.

235 2285 434 2332 Privatis
463 2288 616 2348 itaque
653 2287 835 2334 fodinas
855 2323 867 2346 7
908 2303 962 2333 36
987 2288 1188 2333 mineras
1227 2287 1274 2331 in
1299 2284 1453 2331 fundis
1478 2285 1681 2347 propriis

141 2395 178 2435 ¹⁸)
205 2396 306 2431 1492.
333 2399 387 2432 30.
416 2400 585 2442 aliaeque.

137 2452 172 2491 b)
198 2454 251 2486 De
277 2457 393 2497 gestis
419 2457 608 2491 Friderici.

140 2507 171 2547 c)
198 2510 299 2545 1351.
326 2513 381 2546 13.

139 2561 174 2603 ¹¹)
200 2566 301 2601 1405.
329 2569 383 2601 13.

148 2620 181 2659 e)
209 2621 308 2656 1486.
336 2621 392 2656 49.

140 2676 179 2719 f)
205 2677 308 2712 1492.
336 2679 392 2712 30.

136 2737 175 2773 ε)
203 2738 304 2769 1715.
331 2736 385 2768 56.
419 2755 455 2760 -
483 2734 584 2768 1723.
609 2734 688 2767 108.
714 2730 813 2766 1741.
836 2730 891 2767 40.

141 2792 177 2832 h)
204 2792 290 2824 Sub.
317 2792 443 2824 tituto:
471 2788 745 2832 ffltanmumnifcbe
770 2787 1009 2832 Qetgnrhnung.

139 2848 177 2890 ἰ)
204 2849 307 2884 Cons.
334 2850 417 2883 Ant.
442 2850 560 2883 Faber
584 2848 702 2883 Ptine.
728 2848 806 2881 Jur.
831 2845 969 2879 Metall.
996 2844 1103 2888 hung.
1127 2854 1160 2888 p.
1184 2844 1265 2882 223.
1291 2847 1329 2878 et
1354 2851 1432 2886 seq.
