1941 3143
190 86 254 131 30

191 196 466 244 inconsultis
506 195 633 242 Viris
669 195 822 255 Regni
876 193 1157 256 primoribus
1181 229 1193 253 ‚
1247 211 1307 243 ex
1355 212 1440 244 suo
1481 194 1780 243 nihilominus

190 268 404 326 praecise
445 264 635 310 arbitrio
675 277 876 322 rogasse
905 263 1194 309 contendunt
1236 263 1292 322 ι”).
1333 265 1780 319 Ast-Historiarum,

189 333 409 393 Jurisque
449 332 692 378 domestici
733 332 890 376 fontes
929 338 1201 392 perpetuam
1239 333 1601 394 Regnieolaruin
1640 333 1684 376 in
1712 330 1783 375 his

194 400 401 446 serendis
430 402 833 461 participationem
861 413 962 443 cum
989 398 1288 448 fundamento
1308 437 1319 459 .
1360 418 1414 447 ac
1444 405 1556 448 citra
1584 400 1781 461 partium

192 469 389 514 studium
428 472 472 513 in
513 467 695 512 dubium
734 481 965 512 revocare
1015 482 1108 513 non
1151 471 1319 515 sinunt.
1379 466 1782 532 Deprehendimus

191 536 340 593 illam.
381 537 419 581 si
458 536 756 597 Anonymum
793 534 1000 580 audimus
1026 534 1112 594 ἤ),
1154 536 1454 584 MonarchIae
1492 537 1632 583 initiis
1661 547 1783 579 con-

192 610 572 664 temporaneam3
634 601 755 648 idem
806 601 1043 664 Stephano
1095 611 1323 665 regnante
1374 605 1661 659 obtinuisse.
1723 615 1784 646 ex

189 669 412 717 Ilartvieo
456 671 573 729 (98)
621 670 936 729 intelligimus,
1000 670 1154 732 Leges
1207 680 1359 719 autem
1410 673 1781 725 vetustissimae,

193 753 330 799 quae,
360 737 585 784 ordiendo
615 753 640 784 a
668 737 954 799 temporibus
988 739 1285 801 Stephaneis‚
1313 742 1369 787 ad
1397 749 1602 789 nostram
1631 751 1782 797 usque

192 820 349 852 aeram
374 820 640 867 pervenere
660 840 673 864 ,
711 805 803 851 hoc
827 807 976 868 ipsum
1004 806 1291 854 confirmant.

250 885 298 941 ἦ)
330 888 500 927 Praeter
531 887 664 928 locum
697 887 775 926 huc
800 887 1029 936 facientem,
1063 901 1178 939 quem
1205 889 1290 929 sere
1312 891 1362 928 ad
1387 889 1622 941 ingressum
1647 889 1785 940 operis

307 945 611 996 adscripseram
631 944 690 995 ¹³),
723 945 827 984 addo
860 945 900 983 in
933 945 1103 996 probam
1136 946 1367 985 uberiorem
1402 945 1650 985 assertionis
1674 958 1787 984 meae

304 1002 500 1041 Auctoris
544 1000 730 1056 ejusdem
777 1001 950 1040 alterum
1003 1002 1044 1040 in
1086 1002 1226 1041 verbis
1274 1003 1647 1055 subsequentibus:
1694 1002 1788 1042 Dux

304 1058 426 1098 Zutta
457 1071 546 1098 eum
579 1064 690 1098 esset
730 1058 924 1097 tredecim
966 1070 1191 1107 annorum,
1240 1071 1380 1100 omnes
1420 1060 1624 1100 Primates
1655 1059 1788 1110 Regni

308 1116 374 1154 sui
406 1116 612 1155 communi
643 1114 847 1163 consilio,
894 1120 932 1154 et
964 1116 1054 1166 pari
1095 1115 1306 1156 voluntate
1350 1119 1548 1169 quosdam
1590 1117 1787 1156 Rectores

307 1173 439 1224 Regni
471 1173 548 1212 sub
579 1172 693 1211 Duce
732 1171 1042 1222 praefecerunt,
1091 1173 1160 1224 qui
1202 1175 1478 1214 moderamine
1518 1174 1637 1213 Juris
1684 1186 1787 1212 con—

305 1229 537 1270 svetudinis
570 1229 862 1269 dissidentium
895 1229 1003 1279 liteS,
1033 1230 1396 1283 contentionesque
1415 1231 1602 1283 sopirent
1624 1230 1681 1285 c).
1713 1236 1789 1271 etc.

882 1355 929 1411 ξ.
968 1355 1080 1402 367.

652 1456 720 1502 Et
755 1458 1079 1513 cooperativa
1108 1458 1312 1514 insluoen.

328 1553 448 1599 Num
475 1552 597 1599 enim
623 1551 679 1597 ad
705 1565 759 1597 ea
778 1585 790 1608 ,
830 1566 948 1612 quae
986 1551 1120 1599 divus
1148 1551 1411 1614 Stephanus
1450 1565 1470 1598 s
1489 1566 1513 1597 e
1533 1565 1556 1597 c
1570 1566 1599 1597 u
1614 1566 1644 1597 n
1660 1551 1687 1597 d
1702 1566 1731 1597 u
1745 1566 1788 1596 m

193 1622 538 1667 Decretum
575 1619 841 1679 Regalis
879 1619 1146 1666 Senatus
1195 1647 1263 1653 -
1302 1619 1554 1667 secundum
1592 1619 1790 1679 Rega-

192 1690 278 1734 lis
329 1688 656 1734 Decretum
696 1685 975 1732 Concilii
1026 1714 1094 1720 —
1148 1688 1411 1734 Suorum
1460 1687 1790 1733 Primatum

196 1762 512 1803 conventu
548 1755 711 1799 —in
762 1753 839 1798 Re
859 1755 957 1813 gio
1011 1754 1293 1803 Concilio
1342 1783 1409 1790 —
1459 1755 1788 1801 communis

195 1822 229 1870 C
250 1839 276 1870 o
294 1840 322 1869 n
342 1825 422 1870 cil
441 1825 484 1868 ii
535 1822 599 1868 de
618 1821 838 1867 finitio
858 1836 888 1866 n
905 1836 929 1866 e
990 1825 1167 1869 sancita
1218 1824 1470 1871 identidem
1534 1823 1680 1868 innuit
1721 1819 1784 1878 ⁴¹).

192 1891 272 1938 vel
311 1906 429 1952 quae
471 1890 553 1937 sub
594 1890 641 1936 S.
677 1888 893 1935 Ladislao
933 1903 1134 1937 omnes
1185 1891 1385 1952 Regni
1422 1889 1786 1937 Pannoniae

196 1958 539 2020 Optimates
579 1971 644 2003 se
683 1957 1120 2015 constituisse,
1150 1973 1212 2003 se
1241 1958 1618 2004 decrevisse
1646 1969 1786 2001 asse-

195 2032 362 2072 verant
405 2026 471 2083 0).
510 2030 586 2069 aut
612 2037 730 2084 quae
759 2022 842 2068 sub
871 2021 1161 2069 Colomanno
1199 2025 1333 2084 Rege
1370 2039 1478 2086 pro
1517 2024 1548 2071 S
1567 2029 1787 2069 enato-

195 2095 316 2139 riis
354 2100 412 2139 to
432 2093 519 2137 tiu
538 2105 558 2137 s
596 2090 674 2136 Re
692 2104 722 2149 g
740 2091 798 2134 ni
836 2089 874 2134 D
894 2104 918 2134 e
936 2105 1035 2135 cre
1056 2094 1139 2137 tis
1192 2092 1561 2152 evulgabantur7
1603 2104 1785 2152 quaeve

196 2161 386 2221 Regi7
440 2165 500 2204 et
556 2159 857 2204 communi
912 2156 1207 2205 Concilio
1255 2159 1560 2221 placuere
1614 2156 1683 2216 ¹),
1735 2156 1793 2202 ad

197 2228 314 2274 haec
328 2254 395 2260 ——
410 2228 595 2287 inquam
609 2251 676 2257 —
696 2227 846 2271 omnia
864 2224 1027 2286 Populi
1043 2226 1276 2273 Primores
1295 2225 1602 2273 consultando
1623 2224 1790 2282 solum,

197 2311 292 2342 non
320 2298 458 2341 etiam
485 2293 742 2339 decidendo
771 2294 1087 2339 intervenisse
1111 2328 1123 2351 .
1163 2297 1240 2356 qui
1277 2296 1489 2351 Patriae,
1528 2296 1618 2339 imo
1645 2293 1787 2337 totius

201 2363 420 2425 Europae
446 2361 712 2418 Annalium,
730 2361 1038 2423 veritatisque
1067 2362 1267 2409 studium
1293 2364 1467 2420 colunt.
1490 2372 1790 2422 propugnare

240 2474 274 2515 ³)
301 2475 379 2506 Hos
406 2474 501 2506 inter
523 2473 649 2505 Kottar
684 2474 716 2505 in
747 2474 785 2506 L.
812 2475 841 2506 6.
879 2476 921 2507 de
944 2477 1034 2517 orig.
1068 2481 1102 2510 et
1125 2487 1193 2509 usu
1223 2487 1319 2518 perp.
1352 2479 1519 2517 potestat.
1551 2473 1668 2509 legisl.
1697 2471 1734 2502 C.
1760 2470 1793 2503 3.

304 2530 336 2608 p.
365 2521 431 2598 1352,ἑ
471 2522 745 2553 Guszterniaun
784 2519 988 2564 Qtussvttrung
1022 2524 1073 2557 ret
1104 2521 1294 2565 Qerfnssung
1324 2525 1376 2555 be&
1415 2519 1549 2564 ὁῖἰηιίςςτ.
1590 2518 1670 2560 ung.
1703 2518 1741 2549 P.
1767 2518 1793 2550 Ι.

237 2621 274 2664 l1)
299 2623 354 2655 Ex
376 2623 469 2656 Hist.
490 2623 589 2665 Sept.
607 2624 697 2656 Duc.
725 2623 763 2656 C.
785 2622 841 2657 40.

240 2679 273 2722 c)
302 2681 339 2713 C.
366 2681 421 2714 53.

239 2736 275 2779 ιι)
302 2739 390 2770 Dec.
418 2737 457 2769 L.
486 2737 518 2768 2.
547 2735 584 2769 c.
611 2734 666 2768 14.
694 2736 749 2769 19.
774 2736 832 2769 23.
857 2736 914 2768 27.
941 2735 997 2768 29.
1027 2735 1082 2769 32.

240 2795 271 2832 e)
297 2796 387 2828 Dec.
411 2794 451 2827 L.
478 2794 512 2826 2.
539 2793 576 2825 C.
604 2795 635 2825 1.
662 2797 698 2825 et
723 2793 760 2826 L.
786 2793 817 2826 3.
845 2792 883 2825 C.
911 2794 941 2826 1.

241 2849 282 2893 s)
307 2855 394 2888 Dec.
418 2851 457 2885 L.
481 2852 514 2888 1.
538 2849 576 2886 C.
603 2852 637 2886 1.
