1941 3143
233 102 295 147 84

346 209 609 252 innocentum
641 209 982 252 existimationem
1018 211 1203 263 laedere,
1234 219 1272 255 et
1305 214 1538 268 vituperiis,
1570 215 1659 257 sine
1692 218 1822 270 proba

344 267 546 318 prolatis,
578 270 809 322 ambiguam
843 269 1035 317 reddere,
1078 270 1156 309 etsi
1189 272 1359 312 maxime
1393 273 1565 323 vellent,
1603 287 1684 314 non
1716 287 1821 327 pos-

346 325 462 365 sint?
497 326 642 366 Utrum
676 339 773 365 vero
807 326 1067 376 repressim,
1100 328 1193 367 dum
1227 330 1529 370 deterrentibus
1562 332 1707 382 poenis
1742 332 1821 371 ob·-

345 382 459 420 viare
492 390 686 431 conatur,
720 383 825 421 mala
858 383 1091 435 divulgata,
1135 396 1236 434 quae
1268 399 1348 426 non
1382 388 1539 426 radices
1573 389 1717 436 modo,
1749 389 1821 428 sed

347 439 606 488 perniciosos
641 452 798 490 quoque
833 439 991 479 fructus
1024 441 1180 491 passim
1209 440 1294 495 jam
1327 444 1607 495 protulerant,
1650 444 1820 484 annihi-

347 496 430 532 lare
464 496 641 546 amplius
675 495 845 547 nequit?
878 496 979 536 banc
1011 519 1063 525 —
1090 498 1251 549 inquam
1276 523 1326 528 -
1356 501 1633 552 quaestionem
1662 506 1821 540 utram-

346 563 421 601 que
455 552 493 590 in
529 559 682 603 partem
716 553 920 603 prolixius
955 554 1160 593 discutere
1192 557 1241 594 ad
1286 556 1679 609 historiographiam
1701 557 1821 597 Juris

345 607 517 657 positivi
550 611 685 648 minus
720 610 920 660 pertinet,
952 609 1071 664 cujus
1105 617 1190 660 est,
1223 613 1319 664 quid
1352 620 1541 653 moneant
1573 614 1682 666 leges
1715 620 1822 663 actu,

345 665 441 714 quid
475 665 572 704 olim
607 666 836 715 voluerint,
871 666 1070 720 fidedignc
1103 681 1348 717 ennarrare‚
1390 671 1613 722 probisque
1645 671 1822 720 firmare,

343 733 424 759 non
459 723 581 761 unius
614 736 711 774 prae
744 723 872 762 altera
912 726 1202 776 praestantiam
1244 727 1436 778 ampliori
1469 728 1646 767 examini
1677 726 1822 780 subji-

343 790 458 826 cere,
500 792 617 830 quam
651 781 870 831 aliquando
905 795 951 821 ex
983 794 1110 832 aequo
1153 783 1280 822 altera
1320 785 1427 823 vitae
1458 785 1663 837 Magistra
1695 797 1823 835 expe-

344 834 494 873 rientia
527 836 729 876 libratum
761 843 836 880 est.

923 964 969 1018 §.
998 965 1110 1010 462.

767 1062 885 1106 Cane
922 1061 1032 1119 leye
1071 1061 1292 1120 poenali.

365 1156 596 1202 Delictum
621 1157 823 1217 poenale
852 1157 909 1203 ob
950 1159 1067 1219 preli
1110 1157 1300 1204 abusum
1340 1158 1508 1204 mulcta
1535 1159 1822 1219 pecuniaria,

230 1231 277 1269 et
303 1238 494 1269 carcere
523 1224 940 1284 expiandum—ut
958 1226 1102 1273 verba
1129 1226 1343 1271 conditae
1371 1227 1657 1271 novissimae
1681 1225 1820 1284 legis,

232 1298 277 1336 et.
306 1291 515 1337 ordinem
532 1296 1035 1351 sequar—committit
1062 1299 1240 1343 auctor„
1260 1292 1528 1354 LQuiTypi
1546 1293 1822 1338 adminiculo

232 1359 370 1404 alium
397 1360 453 1404 ad
481 1359 696 1405 delictum
723 1363 1018 1421 provocavit,
1046 1368 1121 1405 aut
1141 1360 1275 1405 simili
1300 1362 1629 1420 provocationi
1648 1374 1824 1405 morem

232 1429 368 1486 gerit.
407 1426 460 1470 II.
504 1428 589 1482 Qui
616 1427 913 1487 ReIIgionum
940 1428 1173 1488 dogmata7
1216 1435 1262 1472 et
1287 1427 1596 1473 moralitatem
1621 1426 1821 1472 ludibrio

232 1501 486 1553 exponunt.
530 1494 604 1539 ΙΙΙ.
636 1495 724 1549 Qui
753 1502 914 1541 contra
940 1495 1092 1555 Regni
1130 1496 1470 1554 integritatem„
1511 1509 1681 1540 nexum
1723 1508 1823 1539 cum

232 1568 462 1619 regnante
488 1561 733 1621 Dynastia,
762 1566 1002 1608 sanctione
1030 1565 1313 1624 pragmatica
1342 1562 1701 1617 constabilitum7
1730 1568 1821 1606 tum

232 1628 289 1672 ad
313 1628 569 1673 violentam
609 1632 956 1675 constitutionis
996 1631 1347 1684 alterationem,
1388 1635 1465 1673 aut
1503 1628 1822 1688 denegandam

229 1695 443 1756 publicae
470 1698 734 1742 auctoritati
765 1700 1044 1758 paritionem
1071 1698 1265 1742 irritant.
1305 1695 1382 1740 IV.
1412 1695 1498 1750 Qui
1526 1697 1751 1754 injuriosa
1776 1696 1822 1740 in

229 1762 485 1807 Personam
512 1763 691 1823 Regtae
718 1764 978 1822 Majestatis
1007 1763 1235 1809 adversus
1258 1762 1469 1821 ejusdem
1489 1762 1824 1809 inviolabilita-

230 1836 351 1887 tem,
391 1829 694 1892 ordinemque
734 1832 1016 1878 succedendi
1060 1830 1268 1892 profert,
1306 1830 1385 1876 vel
1410 1829 1466 1874 V.
1494 1828 1700 1875 Membra
1735 1842 1824 1874 re-

231 1900 417 1956 gnantis
457 1897 676 1944 Familiae
728 1898 931 1944 offendit.
971 1898 1047 1943 VI.
1089 1896 1358 1956 Instigando
1411 1895 1638 1944 adversus
1687 1896 1823 1954 regni

230 1964 628 2023 tranquillitatfflm
658 1974 795 2025 atque
823 1965 880 2009 ad
903 1966 1014 2010 boni
1036 1964 1211 2009 ordinis
1232 1962 1642 2024 perturbationem.
1669 1963 1823 2007 Deni-

232 2046 321 2091 que
348 2045 499 2090 poena
540 2031 736 2078 dictatur
772 2031 873 2076 VII.
901 2031 962 2078 Ob
991 2037 1140 2076 actum
1167 2030 1569 2075 dehonestationis
1595 2031 1642 2074 in
1666 2028 1823 2074 Juris—

233 2098 484 2143 dictionem
503 2133 515 2155 a
555 2106 631 2144 aut
659 2113 829 2159 corpus
856 2098 1032 2144 morale
1051 2132 1062 2151 ,
1116 2100 1160 2142 in
1187 2098 1510 2157 magistratum
1535 2098 1584 2142 vi
1620 2097 1824 2141 muneris

234 2171 469 2225 agentem„
543 2168 589 2211 in
637 2168 866 2228 privatam
916 2168 1052 2210 etiam
1103 2178 1353 2226 personam
1400 2165 1698 2209 commissum
1762 2161 1823 2219 ²).

231 2233 303 2277 De
329 2232 553 2293 peculiari
575 2234 771 2291 judicio„
801 2233 907 2278 huic
933 2232 1207 2277 delictorum
1234 2232 1411 2294 speciei
1433 2233 1691 2291 assignato,
1718 2227 1825 2274 alibi

232 2303 406 2345 mentio
435 2300 627 2358 redIbit7
669 2302 706 2345 si
736 2299 902 2345 author
927 2315 1019 2345 non
1047 2307 1257 2358 constet,
1295 2312 1496 2359 poenam
1524 2297 1693 2353 editor„
1731 2301 1823 2340 tum

232 2366 351 2426 preli
391 2367 601 2414 dominus
639 2368 735 2413 luit.

920 2502 967 2558 ἓ.
1007 2503 1119 2549 463.

430 2597 510 2644 Ad
546 2598 926 2656 Two-qrapleo&
967 2608 1013 2643 et
1047 2596 1370 2655 Bibliopolas
1409 2605 1626 2641 extensa.

377 2695 734 2758 Typographias
768 2696 861 2753 jam
901 2696 1007 2741 olim
1043 2697 1229 2741 nonnisi
1267 2694 1500 2755 superiori
1527 2705 1627 2737 cum
1655 2695 1824 2736 annutu

278 2843 309 2881 a)
339 2842 430 2874 Vide
457 2849 539 2871 mox
569 2839 714 2871 citatam
741 2838 862 2880 legem.
