1941 3143
1641 140 1706 188 83

126 249 487 300 ordinationibus
512 263 598 294 usu
625 251 862 308 continuo,
911 265 995 312 per
1034 247 1191 297 secula
1234 261 1328 294 non
1370 255 1700 310 controverso,

124 320 331 383 publicae
356 333 449 364 non
474 319 621 364 minus
664 319 997 380 tranquillitati,
1037 331 1171 378 quam
1196 317 1485 376 privatorum
1512 323 1699 365 securi-

125 390 220 442 tati,
258 393 302 432 et
328 385 649 447 reprimendae
677 401 852 432 morum
885 385 1180 446 corruptelae
1206 385 1540 445 prospexisse,
1583 400 1703 431 con—

125 461 192 500 tra
228 469 281 499 ac
305 454 540 498 numerosi
566 467 678 498 sane
704 454 992 515 popularium
1017 466 1224 497 meorum
1250 466 1397 511 nuper
1423 454 1705 497 contrarium

125 524 351 567 sustinere
377 522 636 581 coeperint,
666 528 802 581 atque
838 522 1010 566 nostris
1037 521 1174 566 etiam
1201 518 1360 564 diebus
1392 526 1705 580 propugnant,

123 588 321 633 Historia
363 594 499 647 atque
526 586 703 647 Legum
740 589 943 647 vestigia
968 586 1185 648 pandunt.
1235 584 1366 630 Hunc
1405 586 1618 646 equidem
1656 589 1703 632 in

125 654 257 699 finem
294 654 569 700 accomodas
618 654 967 715 praescribebat
1015 653 1220 713 Regulas
1268 648 1353 713 pro
1395 650 1714 716 Censoribus,

122 721 538 782 Revisoribusque,
589 735 674 766 suo
703 721 886 766 delectu
912 721 1177 775 nominatis,
1228 721 1305 780 qui
1331 719 1512 777 Libros,
1538 720 1701 781 Ephe—

121 788 337 845 merides,
376 795 422 834 et
460 802 577 848 quae
616 789 717 834 istis
756 788 921 834 similia
962 794 1083 843 sunt,
1120 786 1429 843 reviderent,
1480 802 1569 832 nec
1607 802 1702 832 non

118 854 366 900 litterarias
406 854 650 912 Officinas,
690 869 803 916 quas
842 869 982 915 supra
1020 854 1358 899 nominavimus
1399 855 1548 911 (455)
1583 855 1703 899 varii

121 925 308 980 generis
348 923 752 982 pervestigarent,
792 936 850 966 ne
878 928 1030 966 tamen
1057 919 1262 976 arbitrio,
1300 919 1498 980 hincque
1542 919 1704 966 abusui

123 1002 234 1032 ansa
259 995 535 1048 praestaret,
584 990 765 1047 quoties
794 988 1030 1045 cujusdam
1060 987 1394 1032 lucubrationis
1435 1002 1529 1032 non
1564 988 1703 1049 plane

124 1054 290 1099 obviae
330 1054 718 1100 considerationis
768 1053 1016 1114 prohibitio
1055 1055 1100 1098 in
1150 1056 1443 1114 questionem
1498 1057 1702 1111 veniret,

123 1120 322 1180 desuper
349 1121 483 1165 altius
517 1121 665 1165 forum
693 1120 944 1166 decideret.
982 1118 1139 1165 Verbo
1166 1127 1213 1165 ut
1238 1134 1336 1164 rem
1372 1122 1520 1180 ipsam
1548 1124 1702 1181 signi-

122 1186 336 1232 ficatione
375 1189 573 1232 nominis
615 1191 842 1244 vestiam,
909 1185 1118 1232 Censura
1156 1186 1210 1231 ab
1251 1189 1528 1232 auctoritate
1569 1190 1700 1247 regia

122 1253 387 1313 dependens
424 1254 575 1298 locum
614 1252 851 1311 habuerat,
890 1268 1024 1314 quam
1048 1255 1527 1314 praeventivam
1567 1270 1700 1300 com-

120 1319 297 1380 pellare
322 1322 367 1366 in
393 1334 570 1365 morem
596 1319 718 1366 abiit.

815 1454 860 1510 ὃ.
901 1455 1016 1501 461.

611 1552 909 1610 Repressz'va
943 1556 1192 1598 successit.

253 1647 566 1694 Praeventiva
590 1647 677 1693 hac
700 1662 899 1694 censura
938 1649 1058 1708 legis
1086 1649 1223 1695 effato
1267 1650 1308 1707 ³¹)
1352 1651 1397 1694 in
1422 1656 1698 1710 perpetuum

118 1715 359 1775 abrogata,
398 1715 485 1760 alia
511 1714 617 1759 huic
665 1729 826 1760 norma
860 1718 1118 1772 successit,
1159 1730 1428 1761 censura
1478 1716 1703 1762 videlieet

116 1798 139 1827 r
155 1797 219 1843 ep
237 1797 298 1828 re
316 1797 336 1827 s
356 1796 376 1828 s
394 1784 405 1826 i
424 1797 494 1828 va
519 1816 531 1837 ,
570 1795 705 1841 quae,
742 1782 960 1842 adaperta
998 1782 1146 1842 praeli
1184 1782 1399 1828 libertate
1418 1816 1430 1839 ,
1469 1786 1701 1828 neminem

116 1849 321 1910 impedit,
361 1850 604 1909 quominus
632 1862 842 1909 quaeque
869 1849 1071 1906 libuerit,
1098 1851 1296 1910 imprimi
1322 1849 1498 1908 facere,
1539 1866 1593 1896 ac
1619 1851 1698 1896 di-

116 1916 312 1975 vulgare
343 1922 495 1975 queat.
535 1914 842 1960 Nihilominus
867 1930 1047 1977 poenas
1088 1916 1339 1962 sanciendo
1367 1932 1452 1978 pro
1482 1919 1551 1964 eis
1570 1952 1583 1974 ,
1624 1919 1702 1978 qui

119 1981 204 2028 hac
227 1982 440 2027 libertate
468 1981 590 2028 abuti
633 1984 858 2043 comperti
882 1982 1057 2029 fuerint
1068 1980 1133 2048 ³⁶).

171 2063 221 2116 ἦε)
252 2061 354 2102 Utra
385 2076 406 2102 e
447 2063 555 2101 binis
598 2062 709 2102 hisce
741 2062 810 2102 fini
841 2063 976 2103 omnis
1020 2064 1330 2105 constitutionis
1369 2063 1531 2115 civilis,
1575 2064 1702 2104 saluti

230 2119 394 2168 quippe,
424 2118 790 2170 tranquillitatique
822 2121 1026 2159 communi
1053 2120 1198 2174 juxta,
1231 2134 1276 2161 ac
1306 2121 1563 2172 privatorum
1595 2134 1701 2160 con-

231 2174 367 2211 veniat
397 2175 541 2225 magis,
573 2187 623 2214 an
656 2177 918 2227 praeventiva
935 2177 1117 2229 alioquin
1136 2190 1207 2218 nec
1237 2179 1374 2230 rigida
1403 2178 1512 2217 ultra
1543 2191 1696 2217 neces-

231 2229 415 2278 sitatem,
447 2243 519 2269 nec
549 2230 638 2270 laxa
668 2232 815 2281 nimis,
847 2235 919 2272 sed
952 2233 1048 2284 illa,
1081 2248 1182 2286 quae
1220 2234 1432 2286 vigilando
1464 2235 1701 2282 antevertit,

231 2297 279 2323 ne
301 2298 586 2336 perversarum
611 2289 889 2328 doctrinarum
916 2290 1030 2329 virus
1055 2291 1215 2330 callidis
1243 2291 1481 2343 plerumque
1506 2291 1701 2330 vestitum

232 2341 435 2381 illecebris
469 2342 586 2395 longe
617 2343 773 2396 lateque
821 2347 1095 2397 diffundatur,
1134 2360 1235 2398 quae
1256 2353 1367 2387 arcet
1399 2347 1556 2386 ocultos
1582 2347 1699 2385 sedi-

230 2398 409 2447 tionum,
442 2400 727 2451 variorumque
759 2401 956 2441 scelerum
990 2403 1188 2454 fautores,
1207 2409 1246 2443 et
1276 2403 1470 2452 asseclas,
1502 2416 1551 2442 ne
1576 2403 1699 2454 impie

230 2453 483 2506 religionem,
515 2458 779 2496 auctoritates
811 2457 1028 2509 legitimas,
1057 2458 1154 2512 jura
1175 2460 1457 2512 proprietatis,
1490 2459 1700 2510 velquae—

232 2522 331 2559 quae
362 2510 558 2550 bonorum
591 2513 770 2551 omnium
795 2515 1078 2565 consensione,
1108 2522 1146 2555 et
1170 2530 1266 2567 pace
1294 2530 1369 2567 pro
1395 2515 1701 2556 sacro-sanctis

231 2565 450 2614 habentur,
505 2567 788 2607 calumniando
830 2569 1044 2620 impetere,
1093 2572 1226 2612 velato
1268 2573 1484 2612 fallacibus
1524 2572 1701 2622 argutiis

233 2621 481 2671 sophismate
513 2623 644 2673 palam
677 2624 876 2664 lacessere
896 2632 1063 2676 queant;
1097 2640 1197 2678 quae
1223 2627 1492 2680 obices'ponit
1514 2628 1699 2666 malevo-

232 2677 296 2725 lis,
328 2683 371 2715 ut
402 2679 558 2716 semina
588 2680 840 2719 diffidentiae
872 2694 1091 2734 spargere,
1125 2684 1363 2735 ignorantes
1396 2685 1596 2735 decipere,
1629 2684 1698 2721 in-

231 2739 345 2772 caute
373 2734 563 2773 credulos
594 2737 862 2777 damnabilem
894 2739 933 2778 in
976 2739 1178 2792 gurgitem
1209 2742 1508 2792 praecipitare,
1551 2740 1698 2778 bonam

157 2866 189 2905 ·)
217 2863 317 2898 ¹848.
343 2885 386 2891 -
414 2868 468 2900 18.
494 2868 553 2902 cit.

1338 2915 1434 2964 6θί-
