1941 3143
1665 108 1724 154 15

142 219 249 264 citio
268 252 280 274 ,
321 218 376 263 de
403 217 538 263 modo
569 219 696 274 item,
736 224 782 263 ct
813 224 1022 279 tempore
1050 217 1359 263 celebrandae
1388 218 1583 264 Diaetae
1603 234 1724 281 pro-

139 283 293 337 videt;
346 284 528 330 ultimus
588 299 685 330 rem
747 285 1044 342 tributariam,
1109 284 1515 345 subsidiorumqne
1576 301 1718 347 porro

141 353 277 396 etiam
303 351 576 397 diaetalibus
609 352 878 398 tractatibus
908 359 1137 398 reservat.

779 451 825 505 ξ.
865 448 1078 495 XXVIII.

211 533 381 579 strum
412 532 598 578 Titulus
638 534 707 578 9²¹³
733 534 897 578 Parle's
923 534 1012 578 1¹¹¹ae
1036 535 1100 577 sil
1126 531 1208 577 lez·
1231 532 1637 591 fundamentalis.

270 614 541 675 Complures
568 613 1017 660 Jurisconsultorum
1034 615 1327 669 nostratium,
1354 621 1403 659 ut
1430 616 1475 659 in
1504 614 1720 674 exemplo

138 680 361 727 Martinus
389 680 690 727 Schwartner
733 682 793 739 ⁸),
842 680 1112 726 Cardinales
1153 679 1385 724 Nobilium
1422 683 1723 741 praerogati—

134 763 235 805 vas,
275 748 425 794 Titulo
454 750 523 795 9¹¹⁰
549 748 696 793 Partis
739 751 830 793 1¹¹¹·‘·⁰
866 751 911 793 in
952 762 1096 808 opere
1125 746 1466 807 Verboczyano
1504 749 1723 792 recensi-

136 822 204 860 tas
226 851 237 865 ,
280 818 384 876 quia
423 819 468 861 in
499 815 577 860 illo
609 815 924 875 personalem,
967 829 1020 858 ac
1057 814 1232 858 realem
1259 813 1619 872 Regnicolarum
1637 828 1721 859 se-

136 885 376 928 curitatem
411 889 571 927 contra
600 881 866 926 arbitrarias
894 882 1208 941 impetitione-s
1243 882 1513 925 communiri
1544 883 1721 925 rectis-

136 952 250 994 sime
288 956 519 1003 statuunt,
570 949 703 994 simul
738 948 920 1008 legibus
959 947 1376 993 fundamentalibus
1403 947 1720 1004 adnumerant,

136 1016 272 1075 idque
301 1018 574 1060 auctoritate
614 1017 714 1060 Art.
743 1015 804 1061 8vi
861 1017 1001 1061 1741.
1028 1016 1092 1059 At
1123 1029 1211 1073 ego
1238 1013 1373 1071 hujus
1406 1014 1615 1072 ejusdem
1642 1021 1720 1059 te-

135 1097 296 1126 norem
332 1097 498 1142 presse
545 1081 812 1141 sequendo,
863 1088 952 1126 tani
991 1095 1070 1126 eas
1108 1083 1483 1142 praerogativas,
1523 1083 1721 1142 sparsim

135 1147 242 1192 alibi
279 1162 463 1207 quoque
511 1155 817 1199 occurentes,
860 1163 995 1207 quam
1034 1148 1135 1193 Art.
1177 1149 1443 1194 6⁰·m17‘23.
1484 1147 1721 1193 Nobilita-

133 1219 225 1257 tem
252 1213 306 1257 ab
346 1216 467 1258 omni
512 1214 855 1259 contributione
891 1217 936 1259 in
972 1222 1247 1275 perpetuum
1285 1216 1582 1271 exiinentem,
1620 1216 1721 1274 pari

132 1283 312 1325 ratione
344 1280 436 1324 illic
462 1287 786 1340 provocatum,
825 1295 910 1340 pro
939 1281 1246 1325 eminentibus
1280 1280 1513 1326 Nobilium
1551 1283 1720 1325 immu-

133 1346 349 1392 nitatibus
388 1348 629 1391 nominare
678 1345 900 1402 mallem,
961 1349 1062 1392 istis
1104 1349 1226 1391 enim
1264 1347 1446 1406 legibus
1487 1347 1717 1393 radicales

131 1428 249 1474 quae
298 1415 412 1469 sint,
471 1420 778 1458 recensentur
817 1416 996 1474 potius,
1049 1427 1183 1472 quam
1244 1412 1537 1470 decernitur,
1598 1413 1716 1458 haec

130 1481 285 1540 itaque
312 1481 597 1525 enumeratio
635 1481 784 1525 minus
823 1480 979 1540 legum
1015 1478 1425 1526 fundamentalium
1467 1480 1717 1527 characte-

130 1561 229 1592 rem
256 1547 556 1609 praeseferre
593 1546 792 1593 videtur.

793 1645 839 1700 ὅ.
877 1644 1047 1690 ΧΧΙΧ.

560 1727 622 1785 Β)
664 1729 826 1785 Leyes
848 1727 1081 1786 publicae
1118 1726 1294 1773 civiles.

266 1825 475 1871 Caeteris
500 1824 682 1884 legibus
718 1824 870 1883 Regni
918 1824 1113 1884 publicis
1151 1838 1240 1868 nec
1276 1836 1425 1882 genus
1463 1822 1585 1867 idem
1623 1829 1712 1879 est,

128 1907 216 1938 nec
242 1893 363 1938 idem
389 1907 514 1937 usus.
555 1892 813 1937 Occurrunt
850 1891 944 1935 illic
984 1891 1364 1947 ecclesiasticae,
1405 1896 1452 1934 et
1493 1890 1713 1935 saecula—

125 1974 235 2017 res,
274 1960 516 2021 publicae,
557 1965 603 2003 et
638 1961 880 2018 privatae,
921 1958 1209 2013 criminales,
1260 1964 1305 2002 et
1345 1956 1536 2013 civiles,
1590 1956 1708 2002 aliae

126 2041 268 2087 porro
297 2027 353 2072 ad
376 2026 612 2087 politicam
651 2027 815 2084 magis,
858 2038 992 2084 quam
1022 2025 1232 2082 justitiae
1273 2022 1518 2084 sphaeram
1556 2026 1708 2084 perti-

127 2100 252 2139 nent.
279 2119 347 2127 --
373 2092 566 2138 Adhaec
600 2094 897 2152 reperiuntur
936 2106 997 2136 cx
1037 2091 1126 2136 illis
1168 2104 1263 2136 11011
1302 2094 1474 2151 exiguo
1517 2104 1709 2136 numero

128 2160 185 2204 ad
218 2167 398 2221 tempus
438 2159 575 2204 modo
604 2159 850 2215 valiturae,
878 2158 1102 2218 quaedam
1129 2160 1230 2204 sive
1249 2171 1342 2203 non
1371 2172 1458 2203 usu
1476 2159 1710 2203 exoleve-

126 2233 257 2283 runt,
314 2229 416 2272 sive
456 2225 795 2287 posterioribus
834 2225 1016 2284 legibus
1049 2224 1363 2283 reformatae,
1409 2233 1486 2272 aut
1524 2227 1708 2286 penitus

126 2293 312 2340 fuerunt
338 2293 605 2354 abrogatae.

830 2427 838 2435 .
876 2391 1026 2436 XXX.

287 2471 346 2532 C)
389 2475 521 2532 Opus
562 2392 885 2532 Trepart2't§mn
936 2474 1182 2531 Stephani
1219 2473 1279 2519 de
1318 2469 1541 2519 Ist'erbb‘cz.

261 2571 331 2615 De
376 2578 597 2627 auctore,
649 2585 818 2626 causa,
875 2571 1084 2630 origine,
1146 2570 1398 2615 editionum
1458 2571 1705 2619 varietate,

128 2637 323 2697 ipsoque
365 2637 526 2682 ordine
572 2639 756 2696 operis,
811 2652 899 2698 quo
942 2636 1205 2698 Stephanus
1249 2637 1304 2682 de
1358 2637 1573 2683 Vei-bocz
1623 2637 1705 2680 Jus

126 2703 388 2763 Hungariae
428 2704 902 2762 consvetudinarium,
954 2711 1049 2750 tres
1095 2706 1141 2750 in
1175 2711 1333 2766 partes
1360 2704 1555 2751 divisum
1586 2717 1706 2749 con-

164 2828 197 2869 a)
228 2804 446 2872 {tatiitffbess
471 2828 686 2874 St'ssntgteicbess
712 2831 853 2876 ungam.
878 2833 917 2867 S.
940 2833 973 2866 2.
998 2830 1029 2874 ᾗ.
1055 2833 1089 2866 2.
