<?xml version="1.0" encoding="UTF-8"?>
<!DOCTYPE html PUBLIC "-//W3C//DTD XHTML 1.0 Transitional//EN"
    "http://www.w3.org/TR/xhtml1/DTD/xhtml1-transitional.dtd">
<html xmlns="http://www.w3.org/1999/xhtml" xml:lang="en" lang="en">
 <head>
  <title>
</title>
<meta http-equiv="Content-Type" content="text/html;charset=utf-8" />
  <meta name='ocr-system' content='tesseract 3.04.00' />
  <meta name='ocr-capabilities' content='ocr_page ocr_carea ocr_par ocr_line ocrx_word'/>
</head>
<body>
  <div class='ocr_page' id='page_1' title='image "./conspectusjurisp00czir_0485.png"; bbox 0 0 1941 3143; ppageno 0'>
   <div class='ocr_carea' id='block_1_1' title="bbox 1590 135 1687 184">
    <p class='ocr_par' dir='ltr' id='par_1_1' title="bbox 1590 135 1687 184">
     <span class='ocr_line' id='line_1_1' title="bbox 1590 135 1687 184; baseline 0 0"><span class='ocrx_word' id='word_1_1' title='bbox 1590 135 1687 184; x_wconf 78' lang='lat'>209</span> 
     </span>
    </p>
   </div>
   <div class='ocr_carea' id='block_1_2' title="bbox 98 246 1694 1587">
    <p class='ocr_par' dir='ltr' id='par_1_2' title="bbox 98 246 1694 1587">
     <span class='ocr_line' id='line_1_2' title="bbox 99 246 1685 312; baseline -0.002 -14"><span class='ocrx_word' id='word_1_2' title='bbox 99 252 287 312; x_wconf 87' lang='lat' dir='ltr'>generis</span> <span class='ocrx_word' id='word_1_3' title='bbox 316 253 605 312; x_wconf 86' lang='lat' dir='ltr'>objectorum</span> <span class='ocrx_word' id='word_1_4' title='bbox 631 248 1031 295; x_wconf 70' lang='lat' dir='ltr'>administratione</span> <span class='ocrx_word' id='word_1_5' title='bbox 1060 246 1254 294; x_wconf 83' lang='lat' dir='ltr'>ambitus</span> <span class='ocrx_word' id='word_1_6' title='bbox 1283 249 1431 294; x_wconf 89' lang='lat' dir='ltr'>omnis</span> <span class='ocrx_word' id='word_1_7' title='bbox 1459 248 1561 306; x_wconf 86' lang='lat' dir='ltr'>ejus</span> <span class='ocrx_word' id='word_1_8' title='bbox 1587 263 1685 310; x_wconf 91' lang='lat' dir='ltr'>po—</span> 
     </span>
     <span class='ocr_line' id='line_1_3' title="bbox 100 315 1686 378; baseline -0.002 -13"><span class='ocrx_word' id='word_1_9' title='bbox 100 322 282 366; x_wconf 88' lang='lat' dir='ltr'>testatis</span> <span class='ocrx_word' id='word_1_10' title='bbox 322 322 566 375; x_wconf 68' lang='lat' dir='ltr'>consistit,</span> <span class='ocrx_word' id='word_1_11' title='bbox 606 331 739 378; x_wconf 88' lang='lat' dir='ltr'>quam</span> <span class='ocrx_word' id='word_1_12' title='bbox 783 317 997 378; x_wconf 86' lang='lat' dir='ltr'>publicae</span> <span class='ocrx_word' id='word_1_13' title='bbox 1036 317 1188 376; x_wconf 83' lang='lat' dir='ltr'>Regni</span> <span class='ocrx_word' id='word_1_14' title='bbox 1224 315 1584 362; x_wconf 88' lang='lat' dir='ltr'>Jurisdictiones</span> <span class='ocrx_word' id='word_1_15' title='bbox 1628 331 1686 362; x_wconf 89' lang='lat' dir='ltr'>eo</span> 
     </span>
     <span class='ocr_line' id='line_1_4' title="bbox 102 383 1687 449; baseline -0.002 -19"><span class='ocrx_word' id='word_1_16' title='bbox 102 401 201 431; x_wconf 91' lang='lat' dir='ltr'>cum</span> <span class='ocrx_word' id='word_1_17' title='bbox 231 392 623 449; x_wconf 88' lang='lat' dir='ltr'>temperamento,</span> <span class='ocrx_word' id='word_1_18' title='bbox 663 383 797 443; x_wconf 86' lang='lat' dir='ltr'>quale</span> <span class='ocrx_word' id='word_1_19' title='bbox 825 384 915 429; x_wconf 89' lang='lat' dir='ltr'>illis</span> <span class='ocrx_word' id='word_1_20' title='bbox 944 399 1003 429; x_wconf 79' lang='lat' dir='ltr'>ex</span> <span class='ocrx_word' id='word_1_21' title='bbox 1027 399 1114 429; x_wconf 92' lang='lat' dir='ltr'>usu</span> <span class='ocrx_word' id='word_1_22' title='bbox 1140 391 1368 445; x_wconf 90' lang='lat' dir='ltr'>perpetuo</span> <span class='ocrx_word' id='word_1_23' title='bbox 1387 418 1399 442; x_wconf 93' lang='lat'>,</span> <span class='ocrx_word' id='word_1_24' title='bbox 1438 389 1687 443; x_wconf 79' lang='lat' dir='ltr'>menteque</span> 
     </span>
     <span class='ocr_line' id='line_1_5' title="bbox 102 450 1688 514; baseline -0.003 -15"><span class='ocrx_word' id='word_1_25' title='bbox 102 454 457 500; x_wconf 84' lang='lat' dir='ltr'>Constitutionis</span> <span class='ocrx_word' id='word_1_26' title='bbox 493 453 816 513; x_wconf 87' lang='lat' dir='ltr'>praestitutum</span> <span class='ocrx_word' id='word_1_27' title='bbox 855 451 1085 507; x_wconf 69' lang='lat' dir='ltr'>indicavi,</span> <span class='ocrx_word' id='word_1_28' title='bbox 1131 453 1236 509; x_wconf 92' lang='lat' dir='ltr'>jure</span> <span class='ocrx_word' id='word_1_29' title='bbox 1279 466 1363 497; x_wconf 91' lang='lat' dir='ltr'>suo</span> <span class='ocrx_word' id='word_1_30' title='bbox 1402 466 1488 514; x_wconf 86' lang='lat' dir='ltr'>per</span> <span class='ocrx_word' id='word_1_31' title='bbox 1529 450 1688 497; x_wconf 90' lang='lat' dir='ltr'>secula</span> 
     </span>
     <span class='ocr_line' id='line_1_6' title="bbox 100 517 1686 576; baseline -0.003 -10"><span class='ocrx_word' id='word_1_32' title='bbox 100 528 426 566; x_wconf 78' lang='lat' dir='ltr'>exercuerant.</span> <span class='ocrx_word' id='word_1_33' title='bbox 468 520 586 575; x_wconf 83' lang='lat' dir='ltr'>Quin</span> <span class='ocrx_word' id='word_1_34' title='bbox 625 520 672 563; x_wconf 91' lang='lat' dir='ltr'>in</span> <span class='ocrx_word' id='word_1_35' title='bbox 710 517 961 563; x_wconf 91' lang='lat' dir='ltr'>earundem</span> <span class='ocrx_word' id='word_1_36' title='bbox 990 525 1135 563; x_wconf 88' lang='lat' dir='ltr'>staret</span> <span class='ocrx_word' id='word_1_37' title='bbox 1172 518 1361 565; x_wconf 90' lang='lat' dir='ltr'>arbitrio</span> <span class='ocrx_word' id='word_1_38' title='bbox 1386 553 1399 576; x_wconf 91' lang='lat'>,</span> <span class='ocrx_word' id='word_1_39' title='bbox 1437 518 1524 564; x_wconf 92' lang='grc'><strong>1105</strong></span> <span class='ocrx_word' id='word_1_40' title='bbox 1559 518 1686 563; x_wconf 83' lang='grc'><strong>111111-</strong></span> 
     </span>
     <span class='ocr_line' id='line_1_7' title="bbox 98 584 1686 646; baseline -0.003 -12"><span class='ocrx_word' id='word_1_41' title='bbox 98 596 170 634; x_wconf 90' lang='lat' dir='ltr'>tes</span> <span class='ocrx_word' id='word_1_42' title='bbox 200 587 601 643; x_wconf 87' lang='lat' dir='ltr'>transcendendo,</span> <span class='ocrx_word' id='word_1_43' title='bbox 639 587 686 630; x_wconf 90' lang='lat' dir='ltr'>in</span> <span class='ocrx_word' id='word_1_44' title='bbox 720 584 903 645; x_wconf 90' lang='lat' dir='ltr'>legibus</span> <span class='ocrx_word' id='word_1_45' title='bbox 943 585 1248 646; x_wconf 72' lang='lat' dir='ltr'>dispensare,</span> <span class='ocrx_word' id='word_1_46' title='bbox 1286 586 1365 633; x_wconf 91' lang='lat' dir='ltr'>vel</span> <span class='ocrx_word' id='word_1_47' title='bbox 1403 586 1512 631; x_wconf 88' lang='lat' dir='ltr'>talia</span> <span class='ocrx_word' id='word_1_48' title='bbox 1551 584 1686 631; x_wconf 91' lang='lat' dir='ltr'>deci-</span> 
     </span>
     <span class='ocr_line' id='line_1_8' title="bbox 103 651 1689 716; baseline -0.001 -16"><span class='ocrx_word' id='word_1_49' title='bbox 103 655 232 712; x_wconf 91' lang='lat' dir='ltr'>dere,</span> <span class='ocrx_word' id='word_1_50' title='bbox 261 658 503 716; x_wconf 84' lang='lat' dir='ltr'>suscipere</span> <span class='ocrx_word' id='word_1_51' title='bbox 520 688 532 711; x_wconf 90' lang='lat'>,</span> <span class='ocrx_word' id='word_1_52' title='bbox 572 660 617 699; x_wconf 92' lang='lat' dir='ltr'>et</span> <span class='ocrx_word' id='word_1_53' title='bbox 645 651 898 712; x_wconf 85' lang='lat' dir='ltr'>obligative</span> <span class='ocrx_word' id='word_1_54' title='bbox 925 653 1267 714; x_wconf 69' lang='lat' dir='ltr'>praescribere,</span> <span class='ocrx_word' id='word_1_55' title='bbox 1294 668 1411 714; x_wconf 90' lang='lat' dir='ltr'>quae</span> <span class='ocrx_word' id='word_1_56' title='bbox 1437 653 1517 701; x_wconf 92' lang='lat' dir='ltr'>vel</span> <span class='ocrx_word' id='word_1_57' title='bbox 1543 652 1689 699; x_wconf 90' lang='lat' dir='ltr'>altio-</span> 
     </span>
     <span class='ocr_line' id='line_1_9' title="bbox 100 720 1688 782; baseline -0.002 -15"><span class='ocrx_word' id='word_1_58' title='bbox 100 726 165 769; x_wconf 90' lang='lat' dir='ltr'>ris</span> <span class='ocrx_word' id='word_1_59' title='bbox 192 721 480 768; x_wconf 89' lang='lat' dir='ltr'>solummodo</span> <span class='ocrx_word' id='word_1_60' title='bbox 520 722 768 782; x_wconf 88' lang='lat' dir='ltr'>potestatis</span> <span class='ocrx_word' id='word_1_61' title='bbox 809 726 944 776; x_wconf 82' lang='lat' dir='ltr'>sunt,</span> <span class='ocrx_word' id='word_1_62' title='bbox 982 721 1062 766; x_wconf 90' lang='lat' dir='ltr'>vel</span> <span class='ocrx_word' id='word_1_63' title='bbox 1098 720 1410 782; x_wconf 82' lang='lat' dir='ltr'>legislationis</span> <span class='ocrx_word' id='word_1_64' title='bbox 1447 722 1688 767; x_wconf 87' lang='lat' dir='ltr'>materiam</span> 
     </span>
     <span class='ocr_line' id='line_1_10' title="bbox 102 787 1691 848; baseline -0.001 -14"><span class='ocrx_word' id='word_1_65' title='bbox 102 791 403 835; x_wconf 89' lang='lat' dir='ltr'>constituunt.</span> <span class='ocrx_word' id='word_1_66' title='bbox 430 815 498 821; x_wconf 89' lang='lat'>—-</span> <span class='ocrx_word' id='word_1_67' title='bbox 521 787 637 833; x_wconf 89' lang='lat' dir='ltr'>Nam</span> <span class='ocrx_word' id='word_1_68' title='bbox 665 789 753 832; x_wconf 89' lang='lat' dir='ltr'>etsi</span> <span class='ocrx_word' id='word_1_69' title='bbox 773 787 966 841; x_wconf 83' lang='lat' dir='ltr'>Statuta.</span> <span class='ocrx_word' id='word_1_70' title='bbox 986 789 1032 832; x_wconf 92' lang='lat' dir='ltr'>in</span> <span class='ocrx_word' id='word_1_71' title='bbox 1059 801 1142 833; x_wconf 90' lang='lat' dir='ltr'>suo</span> <span class='ocrx_word' id='word_1_72' title='bbox 1170 790 1348 848; x_wconf 91' lang='lat' dir='ltr'>gremio</span> <span class='ocrx_word' id='word_1_73' title='bbox 1378 787 1691 845; x_wconf 88' lang='lat' dir='ltr'>observanda,</span> 
     </span>
     <span class='ocr_line' id='line_1_11' title="bbox 103 853 1692 916; baseline -0.002 -14"><span class='ocrx_word' id='word_1_74' title='bbox 103 871 205 902; x_wconf 90' lang='lat' dir='ltr'>cum</span> <span class='ocrx_word' id='word_1_75' title='bbox 230 856 376 916; x_wconf 90' lang='lat' dir='ltr'>Regis</span> <span class='ocrx_word' id='word_1_76' title='bbox 406 863 577 901; x_wconf 87' lang='lat' dir='ltr'>annutu</span> <span class='ocrx_word' id='word_1_77' title='bbox 600 853 756 901; x_wconf 82' lang='lat' dir='ltr'>valide</span> <span class='ocrx_word' id='word_1_78' title='bbox 796 854 1000 900; x_wconf 89' lang='lat' dir='ltr'>condere</span> <span class='ocrx_word' id='word_1_79' title='bbox 1035 858 1446 916; x_wconf 72' lang='lat' dir='ltr'>permitterentur,</span> <span class='ocrx_word' id='word_1_80' title='bbox 1485 854 1692 901; x_wconf 83' lang='lat' dir='ltr'>obnoxia</span> 
     </span>
     <span class='ocr_line' id='line_1_12' title="bbox 101 921 1692 984; baseline -0.001 -16"><span class='ocrx_word' id='word_1_81' title='bbox 101 931 256 969; x_wconf 83' lang='lat' dir='ltr'>tamen</span> <span class='ocrx_word' id='word_1_82' title='bbox 282 923 610 983; x_wconf 76' lang='lat' dir='ltr'>legislativae,</span> <span class='ocrx_word' id='word_1_83' title='bbox 652 929 698 967; x_wconf 88' lang='lat' dir='ltr'>et</span> <span class='ocrx_word' id='word_1_84' title='bbox 736 924 1015 967; x_wconf 84' lang='lat' dir='ltr'>executivae</span> <span class='ocrx_word' id='word_1_85' title='bbox 1051 925 1275 984; x_wconf 86' lang='lat' dir='ltr'>potestati</span> <span class='ocrx_word' id='word_1_86' title='bbox 1325 938 1350 968; x_wconf 92' lang='lat' dir='ltr'>a</span> <span class='ocrx_word' id='word_1_87' title='bbox 1393 923 1576 968; x_wconf 89' lang='lat' dir='ltr'>tramite</span> <span class='ocrx_word' id='word_1_88' title='bbox 1614 921 1692 966; x_wconf 92' lang='lat' dir='ltr'>le-</span> 
     </span>
     <span class='ocr_line' id='line_1_13' title="bbox 102 988 1693 1051; baseline 0 -17"><span class='ocrx_word' id='word_1_89' title='bbox 102 1004 208 1049; x_wconf 90' lang='lat' dir='ltr'>gum</span> <span class='ocrx_word' id='word_1_90' title='bbox 227 1025 239 1046; x_wconf 91' lang='lat'>,</span> <span class='ocrx_word' id='word_1_91' title='bbox 291 1005 545 1050; x_wconf 88' lang='lat' dir='ltr'>normaque</span> <span class='ocrx_word' id='word_1_92' title='bbox 598 988 684 1035; x_wconf 91' lang='lat' dir='ltr'>sibi</span> <span class='ocrx_word' id='word_1_93' title='bbox 724 991 1013 1051; x_wconf 89' lang='lat' dir='ltr'>praescripta</span> <span class='ocrx_word' id='word_1_94' title='bbox 1054 1004 1136 1035; x_wconf 89' lang='lat' dir='ltr'>sua</span> <span class='ocrx_word' id='word_1_95' title='bbox 1184 992 1462 1036; x_wconf 87' lang='lat' dir='ltr'>auctoritate</span> <span class='ocrx_word' id='word_1_96' title='bbox 1510 988 1693 1050; x_wconf 89' lang='lat' dir='ltr'>qualem</span> 
     </span>
     <span class='ocr_line' id='line_1_14' title="bbox 103 1055 1691 1118; baseline 0.001 -18"><span class='ocrx_word' id='word_1_97' title='bbox 103 1056 286 1117; x_wconf 86' lang='lat' dir='ltr'>qualem</span> <span class='ocrx_word' id='word_1_98' title='bbox 312 1061 357 1102; x_wconf 90' lang='lat' dir='ltr'>in</span> <span class='ocrx_word' id='word_1_99' title='bbox 383 1065 562 1118; x_wconf 89' lang='lat' dir='ltr'>partem</span> <span class='ocrx_word' id='word_1_100' title='bbox 601 1055 880 1112; x_wconf 69' lang='lat' dir='ltr'>deflectere,</span> <span class='ocrx_word' id='word_1_101' title='bbox 920 1056 1046 1102; x_wconf 90' lang='lat' dir='ltr'>nullo</span> <span class='ocrx_word' id='word_1_102' title='bbox 1075 1056 1288 1102; x_wconf 91' lang='lat' dir='ltr'>absolute</span> <span class='ocrx_word' id='word_1_103' title='bbox 1329 1064 1542 1118; x_wconf 90' lang='lat' dir='ltr'>tempore</span> <span class='ocrx_word' id='word_1_104' title='bbox 1568 1057 1691 1102; x_wconf 91' lang='lat' dir='ltr'>lice-</span> 
     </span>
     <span class='ocr_line' id='line_1_15' title="bbox 100 1123 1692 1185; baseline 0 -17"><span class='ocrx_word' id='word_1_105' title='bbox 100 1123 191 1168; x_wconf 87' lang='lat' dir='ltr'>bat.</span> <span class='ocrx_word' id='word_1_106' title='bbox 211 1123 624 1185; x_wconf 86' lang='lat' dir='ltr'>Quantumcunque</span> <span class='ocrx_word' id='word_1_107' title='bbox 651 1123 737 1169; x_wconf 89' lang='lat' dir='ltr'>hac</span> <span class='ocrx_word' id='word_1_108' title='bbox 763 1123 1209 1181; x_wconf 78' lang='lat' dir='ltr'>nonstra,l&#39;roe11um</span> <span class='ocrx_word' id='word_1_109' title='bbox 1240 1138 1376 1170; x_wconf 91' lang='lat' dir='ltr'>omne</span> <span class='ocrx_word' id='word_1_110' title='bbox 1403 1124 1692 1183; x_wconf 79' lang='lat' dir='ltr'>indignante,</span> 
     </span>
     <span class='ocr_line' id='line_1_16' title="bbox 104 1190 1692 1253; baseline 0 -17"><span class='ocrx_word' id='word_1_111' title='bbox 104 1196 255 1236; x_wconf 85' lang='lat' dir='ltr'>aetate</span> <span class='ocrx_word' id='word_1_112' title='bbox 281 1190 400 1253; x_wconf 90' lang='lat' dir='ltr'>proh</span> <span class='ocrx_word' id='word_1_113' title='bbox 429 1191 591 1238; x_wconf 80' lang='lat' dir='ltr'>dolor!</span> <span class='ocrx_word' id='word_1_114' title='bbox 630 1206 725 1238; x_wconf 90' lang='lat' dir='ltr'>non</span> <span class='ocrx_word' id='word_1_115' title='bbox 750 1206 840 1236; x_wconf 90' lang='lat' dir='ltr'>una</span> <span class='ocrx_word' id='word_1_116' title='bbox 867 1190 1076 1237; x_wconf 88' lang='lat' dir='ltr'>alterave</span> <span class='ocrx_word' id='word_1_117' title='bbox 1115 1191 1267 1251; x_wconf 85' lang='lat' dir='ltr'>Regni</span> <span class='ocrx_word' id='word_1_118' title='bbox 1292 1191 1692 1249; x_wconf 88' lang='lat' dir='ltr'>Jurisdictionum,</span> 
     </span>
     <span class='ocr_line' id='line_1_17' title="bbox 103 1257 1694 1320; baseline 0.001 -18"><span class='ocrx_word' id='word_1_119' title='bbox 103 1257 251 1318; x_wconf 84' lang='lat' dir='ltr'>quod,</span> <span class='ocrx_word' id='word_1_120' title='bbox 288 1259 378 1304; x_wconf 88' lang='lat' dir='ltr'>nisi</span> <span class='ocrx_word' id='word_1_121' title='bbox 416 1258 565 1316; x_wconf 78' lang='lat' dir='ltr'>facta,</span> <span class='ocrx_word' id='word_1_122' title='bbox 606 1260 651 1303; x_wconf 90' lang='lat' dir='ltr'>in</span> <span class='ocrx_word' id='word_1_123' title='bbox 693 1261 891 1303; x_wconf 88' lang='lat' dir='ltr'>omnium</span> <span class='ocrx_word' id='word_1_124' title='bbox 930 1258 1263 1305; x_wconf 89' lang='lat' dir='ltr'>recordatione</span> <span class='ocrx_word' id='word_1_125' title='bbox 1306 1260 1489 1320; x_wconf 84' lang='lat' dir='ltr'>posita,</span> <span class='ocrx_word' id='word_1_126' title='bbox 1543 1258 1694 1304; x_wconf 91' lang='lat' dir='ltr'>abne-</span> 
     </span>
     <span class='ocr_line' id='line_1_18' title="bbox 103 1326 1693 1385; baseline 0.001 -16"><span class='ocrx_word' id='word_1_127' title='bbox 103 1340 216 1383; x_wconf 85' lang='lat' dir='ltr'>gare</span> <span class='ocrx_word' id='word_1_128' title='bbox 242 1326 467 1382; x_wconf 77' lang='lat' dir='ltr'>velimus,</span> <span class='ocrx_word' id='word_1_129' title='bbox 506 1326 645 1371; x_wconf 88' lang='lat' dir='ltr'>fateri</span> <span class='ocrx_word' id='word_1_130' title='bbox 672 1328 880 1385; x_wconf 87' lang='lat' dir='ltr'>cogimur</span> <span class='ocrx_word' id='word_1_131' title='bbox 898 1361 911 1382; x_wconf 88' lang='lat'>,</span> <span class='ocrx_word' id='word_1_132' title='bbox 947 1328 1187 1372; x_wconf 90' lang='lat' dir='ltr'>immemor</span> <span class='ocrx_word' id='word_1_133' title='bbox 1212 1328 1334 1373; x_wconf 89' lang='lat' dir='ltr'>illius</span> <span class='ocrx_word' id='word_1_134' title='bbox 1364 1341 1477 1373; x_wconf 89' lang='lat' dir='ltr'>suae</span> <span class='ocrx_word' id='word_1_135' title='bbox 1507 1326 1693 1385; x_wconf 91' lang='lat' dir='ltr'>obliga-</span> 
     </span>
     <span class='ocr_line' id='line_1_19' title="bbox 106 1393 1692 1455; baseline 0.003 -19"><span class='ocrx_word' id='word_1_136' title='bbox 106 1394 272 1450; x_wconf 83' lang='lat' dir='ltr'>tionis,</span> <span class='ocrx_word' id='word_1_137' title='bbox 311 1408 429 1452; x_wconf 91' lang='lat' dir='ltr'>quae</span> <span class='ocrx_word' id='word_1_138' title='bbox 467 1396 512 1438; x_wconf 90' lang='lat' dir='ltr'>in</span> <span class='ocrx_word' id='word_1_139' title='bbox 539 1393 693 1453; x_wconf 91' lang='lat' dir='ltr'>legum</span> <span class='ocrx_word' id='word_1_140' title='bbox 721 1393 961 1451; x_wconf 85' lang='lat' dir='ltr'>custodia,</span> <span class='ocrx_word' id='word_1_141' title='bbox 1002 1402 1139 1455; x_wconf 90' lang='lat' dir='ltr'>atque</span> <span class='ocrx_word' id='word_1_142' title='bbox 1182 1395 1395 1441; x_wconf 88' lang='lat' dir='ltr'>altiorum</span> <span class='ocrx_word' id='word_1_143' title='bbox 1424 1394 1692 1440; x_wconf 87' lang='lat' dir='ltr'>observan-</span> 
     </span>
     <span class='ocr_line' id='line_1_20' title="bbox 104 1459 1690 1525; baseline 0.003 -22"><span class='ocrx_word' id='word_1_144' title='bbox 104 1461 164 1503; x_wconf 90' lang='lat' dir='ltr'>tia</span> <span class='ocrx_word' id='word_1_145' title='bbox 191 1460 509 1507; x_wconf 87' lang='lat' dir='ltr'>mandatorum</span> <span class='ocrx_word' id='word_1_146' title='bbox 538 1463 753 1506; x_wconf 87' lang='lat' dir='ltr'>consistit</span> <span class='ocrx_word' id='word_1_147' title='bbox 776 1494 788 1516; x_wconf 87' lang='lat'>,</span> <span class='ocrx_word' id='word_1_148' title='bbox 816 1459 902 1506; x_wconf 87' lang='lat' dir='ltr'>hos</span> <span class='ocrx_word' id='word_1_149' title='bbox 929 1461 1098 1506; x_wconf 89' lang='lat' dir='ltr'>limites</span> <span class='ocrx_word' id='word_1_150' title='bbox 1126 1477 1430 1525; x_wconf 87' lang='lat' dir='ltr'>perrumpere</span> <span class='ocrx_word' id='word_1_151' title='bbox 1457 1477 1552 1509; x_wconf 89' lang='lat' dir='ltr'>non</span> <span class='ocrx_word' id='word_1_152' title='bbox 1578 1468 1690 1507; x_wconf 90' lang='lat' dir='ltr'>ten-</span> 
     </span>
     <span class='ocr_line' id='line_1_21' title="bbox 104 1527 1217 1587; baseline 0.004 -16"><span class='ocrx_word' id='word_1_153' title='bbox 104 1528 274 1573; x_wconf 86' lang='lat' dir='ltr'>taverit</span> <span class='ocrx_word' id='word_1_154' title='bbox 298 1527 435 1573; x_wconf 91' lang='lat' dir='ltr'>modo</span> <span class='ocrx_word' id='word_1_155' title='bbox 456 1563 468 1587; x_wconf 92' lang='lat'>,</span> <span class='ocrx_word' id='word_1_156' title='bbox 506 1543 671 1576; x_wconf 85' lang='lat' dir='ltr'>verum</span> <span class='ocrx_word' id='word_1_157' title='bbox 698 1529 1041 1574; x_wconf 88' lang='lat' dir='ltr'>transcenderit</span> <span class='ocrx_word' id='word_1_158' title='bbox 1068 1531 1217 1576; x_wconf 87' lang='lat' dir='ltr'>etiam.</span> 
     </span>
    </p>
   </div>
   <div class='ocr_carea' id='block_1_3' title="bbox 801 1680 999 1735">
    <p class='ocr_par' dir='ltr' id='par_1_3' title="bbox 801 1680 999 1735">
     <span class='ocr_line' id='line_1_22' title="bbox 801 1680 999 1735; baseline 0.005 -12"><span class='ocrx_word' id='word_1_159' title='bbox 801 1680 847 1735; x_wconf 78' lang='lat'>§.</span> <span class='ocrx_word' id='word_1_160' title='bbox 888 1680 999 1726; x_wconf 78' lang='lat'>682.</span> 
     </span>
    </p>
   </div>
   <div class='ocr_carea' id='block_1_4' title="bbox 198 1793 1584 1850">
    <p class='ocr_par' dir='ltr' id='par_1_4' title="bbox 198 1793 1584 1850">
     <span class='ocr_line' id='line_1_23' title="bbox 198 1793 1584 1850; baseline 0 -12"><span class='ocrx_word' id='word_1_161' title='bbox 198 1793 333 1848; x_wconf 72' lang='lat' dir='ltr'>Quae</span> <span class='ocrx_word' id='word_1_162' title='bbox 369 1797 522 1850; x_wconf 65' lang='lat' dir='ltr'>zyz&#39;tzcr</span> <span class='ocrx_word' id='word_1_163' title='bbox 557 1793 940 1840; x_wconf 70' lang='lat' dir='ltr'>Jm·2&#39;scl2&#39;ct2‘0nes</span> <span class='ocrx_word' id='word_1_164' title='bbox 976 1794 1074 1839; x_wconf 76' lang='lat' dir='ltr'>hoc</span> <span class='ocrx_word' id='word_1_165' title='bbox 1110 1798 1313 1841; x_wconf 73' lang='lat' dir='ltr'>nomine</span> <span class='ocrx_word' id='word_1_166' title='bbox 1347 1793 1584 1841; x_wconf 71' lang='lat' dir='ltr'>veniunt?</span> 
     </span>
    </p>
   </div>
   <div class='ocr_carea' id='block_1_5' title="bbox 103 1920 1695 2928">
    <p class='ocr_par' dir='ltr' id='par_1_5' title="bbox 103 1920 1695 2928">
     <span class='ocr_line' id='line_1_24' title="bbox 239 1920 1694 1981; baseline 0.003 -17"><span class='ocrx_word' id='word_1_167' title='bbox 239 1920 311 1964; x_wconf 83' lang='lat' dir='ltr'>Ex</span> <span class='ocrx_word' id='word_1_168' title='bbox 336 1920 419 1964; x_wconf 91' lang='grc'><strong>1130</strong></span> <span class='ocrx_word' id='word_1_169' title='bbox 445 1920 826 1966; x_wconf 87' lang='lat' dir='ltr'>Jurisdictionum</span> <span class='ocrx_word' id='word_1_170' title='bbox 852 1921 1004 1980; x_wconf 81' lang='lat' dir='ltr'>Regni</span> <span class='ocrx_word' id='word_1_171' title='bbox 1031 1921 1316 1981; x_wconf 88' lang='lat' dir='ltr'>publicarum</span> <span class='ocrx_word' id='word_1_172' title='bbox 1342 1922 1694 1969; x_wconf 90' lang='lat' dir='ltr'>adumbratione</span> 
     </span>
     <span class='ocr_line' id='line_1_25' title="bbox 106 1986 1691 2052; baseline 0.003 -20"><span class='ocrx_word' id='word_1_173' title='bbox 106 1987 223 2032; x_wconf 88' lang='lat' dir='ltr'>haud</span> <span class='ocrx_word' id='word_1_174' title='bbox 251 1986 496 2032; x_wconf 82' lang='lat' dir='ltr'>difficulter</span> <span class='ocrx_word' id='word_1_175' title='bbox 529 1989 623 2046; x_wconf 89' lang='lat' dir='ltr'>jam</span> <span class='ocrx_word' id='word_1_176' title='bbox 650 1990 969 2048; x_wconf 84' lang='lat' dir='ltr'>assequimur,</span> <span class='ocrx_word' id='word_1_177' title='bbox 1010 1991 1232 2035; x_wconf 81' lang='lat' dir='ltr'>strictiori</span> <span class='ocrx_word' id='word_1_178' title='bbox 1257 1989 1383 2036; x_wconf 88' lang='lat' dir='ltr'>Juris</span> <span class='ocrx_word' id='word_1_179' title='bbox 1422 1993 1572 2036; x_wconf 88' lang='lat' dir='ltr'>nostri</span> <span class='ocrx_word' id='word_1_180' title='bbox 1598 2005 1691 2052; x_wconf 91' lang='lat' dir='ltr'>pu-</span> 
     </span>
     <span class='ocr_line' id='line_1_26' title="bbox 108 2053 1693 2117; baseline 0.004 -20"><span class='ocrx_word' id='word_1_181' title='bbox 108 2053 213 2098; x_wconf 90' lang='lat' dir='ltr'>blici</span> <span class='ocrx_word' id='word_1_182' title='bbox 240 2055 477 2100; x_wconf 89' lang='lat' dir='ltr'>intellectu</span> <span class='ocrx_word' id='word_1_183' title='bbox 521 2059 565 2100; x_wconf 90' lang='lat' dir='ltr'>in</span> <span class='ocrx_word' id='word_1_184' title='bbox 604 2056 856 2101; x_wconf 86' lang='lat' dir='ltr'>earundem</span> <span class='ocrx_word' id='word_1_185' title='bbox 881 2071 1073 2101; x_wconf 89' lang='lat' dir='ltr'>numero</span> <span class='ocrx_word' id='word_1_186' title='bbox 1116 2071 1210 2102; x_wconf 90' lang='lat' dir='ltr'>non</span> <span class='ocrx_word' id='word_1_187' title='bbox 1251 2059 1460 2117; x_wconf 87' lang='lat' dir='ltr'>quamvis</span> <span class='ocrx_word' id='word_1_188' title='bbox 1489 2060 1589 2105; x_wconf 89' lang='grc'><strong>51110</strong></span> <span class='ocrx_word' id='word_1_189' title='bbox 1617 2058 1693 2103; x_wconf 91' lang='lat' dir='ltr'>di-</span> 
     </span>
     <span class='ocr_line' id='line_1_27' title="bbox 109 2120 1695 2186; baseline 0.004 -21"><span class='ocrx_word' id='word_1_190' title='bbox 109 2122 324 2165; x_wconf 87' lang='lat' dir='ltr'>scrimine</span> <span class='ocrx_word' id='word_1_191' title='bbox 352 2120 750 2179; x_wconf 85' lang='lat' dir='ltr'>Communitatem,</span> <span class='ocrx_word' id='word_1_192' title='bbox 789 2123 897 2168; x_wconf 88' lang='lat' dir='ltr'>licet</span> <span class='ocrx_word' id='word_1_193' title='bbox 922 2123 1293 2183; x_wconf 87' lang='lat' dir='ltr'>privilegiatam,</span> <span class='ocrx_word' id='word_1_194' title='bbox 1332 2140 1485 2186; x_wconf 90' lang='lat' dir='ltr'>neque</span> <span class='ocrx_word' id='word_1_195' title='bbox 1521 2126 1695 2171; x_wconf 91' lang='lat' dir='ltr'>Tribu-</span> 
     </span>
     <span class='ocr_line' id='line_1_28' title="bbox 107 2188 1694 2252; baseline 0.004 -21"><span class='ocrx_word' id='word_1_196' title='bbox 107 2188 228 2232; x_wconf 92' lang='lat' dir='ltr'>nalia</span> <span class='ocrx_word' id='word_1_197' title='bbox 255 2189 547 2248; x_wconf 85' lang='lat' dir='ltr'>promiscue,</span> <span class='ocrx_word' id='word_1_198' title='bbox 588 2196 663 2235; x_wconf 88' lang='lat' dir='ltr'>aut</span> <span class='ocrx_word' id='word_1_199' title='bbox 688 2190 902 2235; x_wconf 88' lang='lat' dir='ltr'>Dominia</span> <span class='ocrx_word' id='word_1_200' title='bbox 930 2191 1219 2236; x_wconf 75' lang='lat' dir='ltr'>tei-restralia</span> <span class='ocrx_word' id='word_1_201' title='bbox 1256 2192 1570 2252; x_wconf 85' lang='lat' dir='ltr'>subintelligi,</span> <span class='ocrx_word' id='word_1_202' title='bbox 1615 2199 1694 2237; x_wconf 93' lang='lat' dir='ltr'>ta-</span> 
     </span>
     <span class='ocr_line' id='line_1_29' title="bbox 105 2254 1694 2320; baseline 0.004 -22"><span class='ocrx_word' id='word_1_203' title='bbox 105 2257 242 2299; x_wconf 89' lang='lat' dir='ltr'>metsi</span> <span class='ocrx_word' id='word_1_204' title='bbox 268 2254 337 2300; x_wconf 90' lang='lat' dir='ltr'>his</span> <span class='ocrx_word' id='word_1_205' title='bbox 365 2257 573 2302; x_wconf 89' lang='lat' dir='ltr'>omnibus</span> <span class='ocrx_word' id='word_1_206' title='bbox 601 2260 786 2319; x_wconf 87' lang='lat' dir='ltr'>species</span> <span class='ocrx_word' id='word_1_207' title='bbox 812 2256 1183 2315; x_wconf 89' lang='lat' dir='ltr'>Jurisdictionis,</span> <span class='ocrx_word' id='word_1_208' title='bbox 1225 2273 1286 2305; x_wconf 82' lang='lat' dir='ltr'>ex</span> <span class='ocrx_word' id='word_1_209' title='bbox 1310 2260 1417 2320; x_wconf 91' lang='lat' dir='ltr'>lege</span> <span class='ocrx_word' id='word_1_210' title='bbox 1445 2259 1530 2306; x_wconf 89' lang='lat' dir='ltr'>sibi</span> <span class='ocrx_word' id='word_1_211' title='bbox 1558 2273 1694 2304; x_wconf 89' lang='lat' dir='ltr'>com—</span> 
     </span>
     <span class='ocr_line' id='line_1_30' title="bbox 106 2323 1691 2388; baseline 0.004 -22"><span class='ocrx_word' id='word_1_212' title='bbox 106 2323 338 2382; x_wconf 86' lang='lat' dir='ltr'>petentis,</span> <span class='ocrx_word' id='word_1_213' title='bbox 376 2327 603 2384; x_wconf 87' lang='lat' dir='ltr'>patuerit,</span> <span class='ocrx_word' id='word_1_214' title='bbox 639 2340 803 2371; x_wconf 89' lang='lat' dir='ltr'>verum</span> <span class='ocrx_word' id='word_1_215' title='bbox 842 2324 1131 2370; x_wconf 88' lang='lat' dir='ltr'>solummodo</span> <span class='ocrx_word' id='word_1_216' title='bbox 1177 2329 1413 2374; x_wconf 85' lang='lat' dir='ltr'>universis</span> <span class='ocrx_word' id='word_1_217' title='bbox 1452 2330 1691 2388; x_wconf 86' lang='lat' dir='ltr'>praemis-</span> 
     </span>
     <span class='ocr_line' id='line_1_31' title="bbox 107 2388 1690 2455; baseline 0.004 -21"><span class='ocrx_word' id='word_1_218' title='bbox 107 2390 171 2434; x_wconf 87' lang='lat' dir='ltr'>sis</span> <span class='ocrx_word' id='word_1_219' title='bbox 198 2388 542 2437; x_wconf 88' lang='lat' dir='ltr'>characteribus</span> <span class='ocrx_word' id='word_1_220' title='bbox 570 2395 616 2438; x_wconf 87' lang='lat' dir='ltr'>in</span> <span class='ocrx_word' id='word_1_221' title='bbox 642 2392 889 2453; x_wconf 80' lang='lat' dir='ltr'>complexu</span> <span class='ocrx_word' id='word_1_222' title='bbox 913 2394 1130 2438; x_wconf 88' lang='lat' dir='ltr'>vestitae.</span> <span class='ocrx_word' id='word_1_223' title='bbox 1169 2391 1226 2438; x_wconf 91' lang='lat' dir='ltr'>Et</span> <span class='ocrx_word' id='word_1_224' title='bbox 1261 2394 1445 2455; x_wconf 92' lang='lat' dir='ltr'>quidem</span> <span class='ocrx_word' id='word_1_225' title='bbox 1473 2397 1690 2440; x_wconf 90' lang='lat' dir='ltr'>eminen—</span> 
     </span>
     <span class='ocr_line' id='line_1_32' title="bbox 107 2456 1692 2522; baseline 0.006 -23"><span class='ocrx_word' id='word_1_226' title='bbox 107 2461 178 2500; x_wconf 88' lang='lat' dir='ltr'>ter</span> <span class='ocrx_word' id='word_1_227' title='bbox 202 2456 355 2517; x_wconf 89' lang='lat' dir='ltr'>Regni</span> <span class='ocrx_word' id='word_1_228' title='bbox 397 2458 678 2515; x_wconf 90' lang='lat' dir='ltr'>Comitatus,</span> <span class='ocrx_word' id='word_1_229' title='bbox 718 2465 884 2521; x_wconf 87' lang='lat' dir='ltr'>postea</span> <span class='ocrx_word' id='word_1_230' title='bbox 922 2458 1098 2505; x_wconf 88' lang='lat' dir='ltr'>liberae</span> <span class='ocrx_word' id='word_1_231' title='bbox 1133 2459 1407 2522; x_wconf 86' lang='lat' dir='ltr'>Regiaeque</span> <span class='ocrx_word' id='word_1_232' title='bbox 1445 2460 1692 2519; x_wconf 88' lang='lat' dir='ltr'>Civitates,</span> 
     </span>
     <span class='ocr_line' id='line_1_33' title="bbox 108 2524 1693 2591; baseline 0.004 -24"><span class='ocrx_word' id='word_1_233' title='bbox 108 2530 244 2582; x_wconf 88' lang='lat' dir='ltr'>atque</span> <span class='ocrx_word' id='word_1_234' title='bbox 271 2524 348 2569; x_wconf 89' lang='lat' dir='ltr'>tali</span> <span class='ocrx_word' id='word_1_235' title='bbox 375 2524 731 2587; x_wconf 83' lang='lat' dir='ltr'>Privilegiorum</span> <span class='ocrx_word' id='word_1_236' title='bbox 767 2524 931 2570; x_wconf 90' lang='lat' dir='ltr'>favore</span> <span class='ocrx_word' id='word_1_237' title='bbox 961 2527 1133 2572; x_wconf 81' lang='lat' dir='ltr'>exculti</span> <span class='ocrx_word' id='word_1_238' title='bbox 1170 2527 1420 2574; x_wconf 91' lang='lat' dir='ltr'>Districtus</span> <span class='ocrx_word' id='word_1_239' title='bbox 1445 2529 1693 2591; x_wconf 76' lang='lat' dir='ltr'>Jazygum,</span> 
     </span>
     <span class='ocr_line' id='line_1_34' title="bbox 107 2588 1692 2657; baseline 0.004 -23"><span class='ocrx_word' id='word_1_240' title='bbox 107 2597 153 2635; x_wconf 91' lang='lat' dir='ltr'>et</span> <span class='ocrx_word' id='word_1_241' title='bbox 215 2588 548 2650; x_wconf 78' lang='lat' dir='ltr'>Cumanorum,</span> <span class='ocrx_word' id='word_1_242' title='bbox 617 2592 993 2653; x_wconf 86' lang='lat' dir='ltr'>Oppidorumque</span> <span class='ocrx_word' id='word_1_243' title='bbox 1055 2594 1423 2653; x_wconf 85' lang='lat' dir='ltr'>Hajdonicalium</span> <span class='ocrx_word' id='word_1_244' title='bbox 1448 2630 1461 2654; x_wconf 83' lang='lat'>,</span> <span class='ocrx_word' id='word_1_245' title='bbox 1525 2597 1692 2657; x_wconf 87' lang='lat' dir='ltr'>quihus</span> 
     </span>
     <span class='ocr_line' id='line_1_35' title="bbox 108 2658 1690 2723; baseline 0.004 -21"><span class='ocrx_word' id='word_1_246' title='bbox 108 2660 285 2704; x_wconf 87' lang='lat' dir='ltr'>cunctis</span> <span class='ocrx_word' id='word_1_247' title='bbox 312 2658 393 2704; x_wconf 74' lang='grc' dir='ltr'>ι1115</span> <span class='ocrx_word' id='word_1_248' title='bbox 423 2675 605 2720; x_wconf 85' lang='lat' dir='ltr'>quoque</span> <span class='ocrx_word' id='word_1_249' title='bbox 632 2660 783 2706; x_wconf 87' lang='lat' dir='ltr'>medio</span> <span class='ocrx_word' id='word_1_250' title='bbox 812 2674 1000 2706; x_wconf 86' lang='lat' dir='ltr'>suorum</span> <span class='ocrx_word' id='word_1_251' title='bbox 1016 2661 1487 2723; x_wconf 90' lang='lat' dir='ltr'>Repraesentantium</span> <span class='ocrx_word' id='word_1_252' title='bbox 1515 2664 1571 2708; x_wconf 92' lang='lat' dir='ltr'>ad</span> <span class='ocrx_word' id='word_1_253' title='bbox 1590 2662 1690 2708; x_wconf 89' lang='lat' dir='ltr'>Co—</span> 
     </span>
     <span class='ocr_line' id='line_1_36' title="bbox 105 2726 1691 2790; baseline 0.004 -22"><span class='ocrx_word' id='word_1_254' title='bbox 105 2726 231 2769; x_wconf 89' lang='lat' dir='ltr'>mitia</span> <span class='ocrx_word' id='word_1_255' title='bbox 271 2727 614 2773; x_wconf 84' lang='lat' dir='ltr'>interveniendi</span> <span class='ocrx_word' id='word_1_256' title='bbox 651 2728 729 2774; x_wconf 91' lang='lat' dir='ltr'>vel</span> <span class='ocrx_word' id='word_1_257' title='bbox 771 2743 830 2772; x_wconf 87' lang='lat' dir='ltr'>ex</span> <span class='ocrx_word' id='word_1_258' title='bbox 858 2730 1175 2790; x_wconf 89' lang='lat' dir='ltr'>antiquissima</span> <span class='ocrx_word' id='word_1_259' title='bbox 1203 2731 1572 2788; x_wconf 89' lang='lat' dir='ltr'>consvetudine,</span> <span class='ocrx_word' id='word_1_260' title='bbox 1610 2728 1691 2776; x_wconf 91' lang='lat' dir='ltr'>vel</span> 
     </span>
     <span class='ocr_line' id='line_1_37' title="bbox 103 2791 1689 2860; baseline 0.005 -25"><span class='ocrx_word' id='word_1_261' title='bbox 103 2805 190 2852; x_wconf 89' lang='lat' dir='ltr'>per</span> <span class='ocrx_word' id='word_1_262' title='bbox 216 2791 433 2839; x_wconf 87' lang='lat' dir='ltr'>disertam</span> <span class='ocrx_word' id='word_1_263' title='bbox 472 2797 785 2841; x_wconf 86' lang='lat' dir='ltr'>recentiorem</span> <span class='ocrx_word' id='word_1_264' title='bbox 812 2794 1055 2843; x_wconf 89' lang='lat' dir='ltr'>diaetalem</span> <span class='ocrx_word' id='word_1_265' title='bbox 1097 2801 1389 2847; x_wconf 83' lang='lat' dir='ltr'>sanctionem</span> <span class='ocrx_word' id='word_1_266' title='bbox 1415 2802 1689 2860; x_wconf 79' lang='lat' dir='ltr'>competere</span> 
     </span>
     <span class='ocr_line' id='line_1_38' title="bbox 105 2859 766 2928; baseline 0.005 -23"><span class='ocrx_word' id='word_1_267' title='bbox 105 2870 246 2921; x_wconf 85' lang='lat' dir='ltr'>supra</span> <span class='ocrx_word' id='word_1_268' title='bbox 272 2859 634 2910; x_wconf 81' lang='lat' dir='ltr'>demonstratum</span> <span class='ocrx_word' id='word_1_269' title='bbox 658 2862 766 2928; x_wconf 31' lang='lat' dir='ltr'>fuit..</span> 
     </span>
    </p>
   </div>
   <div class='ocr_carea' id='block_1_6' title="bbox 173 2925 1423 2984">
    <p class='ocr_par' dir='ltr' id='par_1_6' title="bbox 173 2925 1423 2984">
     <span class='ocr_line' id='line_1_39' title="bbox 173 2925 1423 2984; baseline 0.009 -11"><span class='ocrx_word' id='word_1_270' title='bbox 173 2925 230 2974; x_wconf 91' lang='grc' dir='ltr'>ΙΙ.</span> <span class='ocrx_word' id='word_1_271' title='bbox 1363 2936 1423 2984; x_wconf 81' lang='lat'>14</span> 
     </span>
    </p>
   </div>
  </div>
 </body>
</html>
