<?xml version="1.0" encoding="UTF-8"?>
<!DOCTYPE html PUBLIC "-//W3C//DTD XHTML 1.0 Transitional//EN"
    "http://www.w3.org/TR/xhtml1/DTD/xhtml1-transitional.dtd">
<html xmlns="http://www.w3.org/1999/xhtml" xml:lang="en" lang="en">
 <head>
  <title>
</title>
<meta http-equiv="Content-Type" content="text/html;charset=utf-8" />
  <meta name='ocr-system' content='tesseract 3.04.00' />
  <meta name='ocr-capabilities' content='ocr_page ocr_carea ocr_par ocr_line ocrx_word'/>
</head>
<body>
  <div class='ocr_page' id='page_1' title='image "./conspectusjurisp00czir_0178.png"; bbox 0 0 1941 3143; ppageno 0'>
   <div class='ocr_carea' id='block_1_1' title="bbox 231 78 326 126">
    <p class='ocr_par' dir='ltr' id='par_1_1' title="bbox 231 78 326 126">
     <span class='ocr_line' id='line_1_1' title="bbox 231 78 326 126; baseline 0 0"><span class='ocrx_word' id='word_1_1' title='bbox 231 78 326 126; x_wconf 79' lang='lat'>126</span> 
     </span>
    </p>
   </div>
   <div class='ocr_carea' id='block_1_2' title="bbox 920 194 1121 249">
    <p class='ocr_par' dir='ltr' id='par_1_2' title="bbox 920 194 1121 249">
     <span class='ocr_line' id='line_1_2' title="bbox 920 194 1121 249; baseline 0.005 -11"><span class='ocrx_word' id='word_1_2' title='bbox 920 194 968 249; x_wconf 62' lang='grc' dir='ltr'>ξ.</span> <span class='ocrx_word' id='word_1_3' title='bbox 1015 195 1121 241; x_wconf 77' lang='lat'><strong>162.</strong></span> 
     </span>
    </p>
   </div>
   <div class='ocr_carea' id='block_1_3' title="bbox 389 278 1636 339">
    <p class='ocr_par' dir='ltr' id='par_1_3' title="bbox 389 278 1636 339">
     <span class='ocr_line' id='line_1_3' title="bbox 389 278 1636 339; baseline 0.003 -16"><span class='ocrx_word' id='word_1_4' title='bbox 389 278 722 336; x_wconf 75' lang='lat' dir='ltr'><em>Nequaquam</em></span> <span class='ocrx_word' id='word_1_5' title='bbox 759 292 790 323; x_wconf 84' lang='lat' dir='ltr'>a</span> <span class='ocrx_word' id='word_1_6' title='bbox 824 289 1093 335; x_wconf 68' lang='lat' dir='ltr'>systemate</span> <span class='ocrx_word' id='word_1_7' title='bbox 1121 278 1324 338; x_wconf 74' lang='lat' dir='ltr'>feudali</span> <span class='ocrx_word' id='word_1_8' title='bbox 1353 281 1636 339; x_wconf 82' lang='lat' dir='ltr'>repetenda.</span> 
     </span>
    </p>
   </div>
   <div class='ocr_carea' id='block_1_4' title="bbox 213 358 1813 1293">
    <p class='ocr_par' dir='ltr' id='par_1_4' title="bbox 213 358 1813 1293">
     <span class='ocr_line' id='line_1_4' title="bbox 361 358 1811 423; baseline 0.002 -19"><span class='ocrx_word' id='word_1_9' title='bbox 361 358 621 405; x_wconf 88' lang='lat' dir='ltr'>Ostendunt</span> <span class='ocrx_word' id='word_1_10' title='bbox 647 359 781 406; x_wconf 89' lang='lat' dir='ltr'>nobis</span> <span class='ocrx_word' id='word_1_11' title='bbox 809 359 925 405; x_wconf 87' lang='lat' dir='ltr'>haec</span> <span class='ocrx_word' id='word_1_12' title='bbox 950 362 1095 409; x_wconf 74' lang='lat' dir='ltr'>initia.</span> <span class='ocrx_word' id='word_1_13' title='bbox 1124 368 1340 423; x_wconf 88' lang='lat' dir='ltr'>quantum</span> <span class='ocrx_word' id='word_1_14' title='bbox 1366 362 1410 408; x_wconf 92' lang='lat' dir='ltr'>id</span> <span class='ocrx_word' id='word_1_15' title='bbox 1436 363 1678 410; x_wconf 89' lang='lat' dir='ltr'>brevitatis</span> <span class='ocrx_word' id='word_1_16' title='bbox 1702 376 1811 408; x_wconf 89' lang='lat' dir='ltr'>cura</span> 
     </span>
     <span class='ocr_line' id='line_1_5' title="bbox 230 425 1813 492; baseline 0.003 -22"><span class='ocrx_word' id='word_1_17' title='bbox 230 425 439 483; x_wconf 88' lang='lat' dir='ltr'>admittit,</span> <span class='ocrx_word' id='word_1_18' title='bbox 480 428 548 471; x_wconf 91' lang='lat' dir='ltr'>sic</span> <span class='ocrx_word' id='word_1_19' title='bbox 575 428 687 473; x_wconf 85' lang='lat' dir='ltr'>satis</span> <span class='ocrx_word' id='word_1_20' title='bbox 716 427 982 473; x_wconf 87' lang='lat' dir='ltr'>adumbrata</span> <span class='ocrx_word' id='word_1_21' title='bbox 1008 428 1196 486; x_wconf 79' lang='lat' dir='ltr'>Milites,</span> <span class='ocrx_word' id='word_1_22' title='bbox 1237 429 1359 490; x_wconf 92' lang='lat' dir='ltr'>quod</span> <span class='ocrx_word' id='word_1_23' title='bbox 1395 432 1587 492; x_wconf 88' lang='lat' dir='ltr'>primum</span> <span class='ocrx_word' id='word_1_24' title='bbox 1612 432 1728 476; x_wconf 80' lang='lat' dir='ltr'>vlris</span> <span class='ocrx_word' id='word_1_25' title='bbox 1756 429 1813 474; x_wconf 89' lang='lat' dir='ltr'>ad</span> 
     </span>
     <span class='ocr_line' id='line_1_6' title="bbox 222 492 1810 558; baseline 0.001 -19"><span class='ocrx_word' id='word_1_26' title='bbox 222 507 443 539; x_wconf 86' lang='lat' dir='ltr'>verorum</span> <span class='ocrx_word' id='word_1_27' title='bbox 483 492 717 539; x_wconf 86' lang='lat' dir='ltr'>Nobilium</span> <span class='ocrx_word' id='word_1_28' title='bbox 758 494 976 540; x_wconf 80' lang='lat' dir='ltr'>Ordinem</span> <span class='ocrx_word' id='word_1_29' title='bbox 1029 496 1411 556; x_wconf 71' lang='lat' dir='ltr'>assurgentibus,</span> <span class='ocrx_word' id='word_1_30' title='bbox 1461 512 1630 543; x_wconf 89' lang='lat' dir='ltr'>nomen</span> <span class='ocrx_word' id='word_1_31' title='bbox 1668 510 1810 558; x_wconf 90' lang='lat' dir='ltr'>porro</span> 
     </span>
     <span class='ocr_line' id='line_1_7' title="bbox 220 560 1809 624; baseline 0.004 -21"><span class='ocrx_word' id='word_1_32' title='bbox 220 560 519 605; x_wconf 89' lang='lat' dir='ltr'>immanserat</span> <span class='ocrx_word' id='word_1_33' title='bbox 561 561 602 618; x_wconf 77' lang='lat'>¹¹)</span> <span class='ocrx_word' id='word_1_34' title='bbox 648 575 742 606; x_wconf 93' lang='lat' dir='ltr'>non</span> <span class='ocrx_word' id='word_1_35' title='bbox 778 560 927 608; x_wconf 88' lang='lat' dir='ltr'>fuisse</span> <span class='ocrx_word' id='word_1_36' title='bbox 977 563 1332 624; x_wconf 77' lang='lat' dir='ltr'>stipendiarios,</span> <span class='ocrx_word' id='word_1_37' title='bbox 1372 572 1448 610; x_wconf 91' lang='lat' dir='ltr'>aut</span> <span class='ocrx_word' id='word_1_38' title='bbox 1475 566 1809 620; x_wconf 81' lang='lat' dir='ltr'>mercenariOS,</span> 
     </span>
     <span class='ocr_line' id='line_1_8' title="bbox 219 626 1808 692; baseline 0.004 -22"><span class='ocrx_word' id='word_1_39' title='bbox 219 640 383 671; x_wconf 83' lang='lat' dir='ltr'>verum</span> <span class='ocrx_word' id='word_1_40' title='bbox 411 640 512 671; x_wconf 90' lang='lat' dir='ltr'>cum</span> <span class='ocrx_word' id='word_1_41' title='bbox 536 626 692 673; x_wconf 83' lang='lat' dir='ltr'>Duces</span> <span class='ocrx_word' id='word_1_42' title='bbox 722 642 833 674; x_wconf 92' lang='lat' dir='ltr'>suos</span> <span class='ocrx_word' id='word_1_43' title='bbox 861 629 1000 687; x_wconf 85' lang='lat' dir='ltr'>ultro,</span> <span class='ocrx_word' id='word_1_44' title='bbox 1027 630 1340 692; x_wconf 87' lang='lat' dir='ltr'>volentesque</span> <span class='ocrx_word' id='word_1_45' title='bbox 1368 639 1695 692; x_wconf 67' lang='lat' dir='ltr'>sequerentur,</span> <span class='ocrx_word' id='word_1_46' title='bbox 1723 644 1808 692; x_wconf 91' lang='lat' dir='ltr'>pro</span> 
     </span>
     <span class='ocr_line' id='line_1_9' title="bbox 220 696 1810 758; baseline 0.004 -21"><span class='ocrx_word' id='word_1_47' title='bbox 220 700 450 740; x_wconf 86' lang='lat' dir='ltr'>consveto</span> <span class='ocrx_word' id='word_1_48' title='bbox 479 696 680 739; x_wconf 91' lang='lat' dir='ltr'>omnium</span> <span class='ocrx_word' id='word_1_49' title='bbox 707 697 999 755; x_wconf 80' lang='lat' dir='ltr'>migrantium</span> <span class='ocrx_word' id='word_1_50' title='bbox 1025 698 1301 758; x_wconf 89' lang='lat' dir='ltr'>populorum</span> <span class='ocrx_word' id='word_1_51' title='bbox 1328 713 1458 744; x_wconf 93' lang='lat' dir='ltr'>more</span> <span class='ocrx_word' id='word_1_52' title='bbox 1474 698 1545 757; x_wconf 60' lang='lat'>⁴⁶),</span> <span class='ocrx_word' id='word_1_53' title='bbox 1575 698 1631 744; x_wconf 89' lang='lat' dir='ltr'>ad</span> <span class='ocrx_word' id='word_1_54' title='bbox 1660 712 1810 743; x_wconf 89' lang='lat' dir='ltr'>occu-</span> 
     </span>
     <span class='ocr_line' id='line_1_10' title="bbox 217 760 1808 826; baseline 0.003 -21"><span class='ocrx_word' id='word_1_55' title='bbox 217 766 350 822; x_wconf 87' lang='lat' dir='ltr'>patas</span> <span class='ocrx_word' id='word_1_56' title='bbox 386 760 628 820; x_wconf 81' lang='lat' dir='ltr'>Regiones</span> <span class='ocrx_word' id='word_1_57' title='bbox 669 764 730 807; x_wconf 89' lang='lat' dir='ltr'>ita</span> <span class='ocrx_word' id='word_1_58' title='bbox 768 763 850 807; x_wconf 89' lang='lat' dir='ltr'>Jus</span> <span class='ocrx_word' id='word_1_59' title='bbox 887 767 1147 824; x_wconf 88' lang='lat' dir='ltr'>quaesitum</span> <span class='ocrx_word' id='word_1_60' title='bbox 1174 764 1389 823; x_wconf 82' lang='lat' dir='ltr'>fovisse,</span> <span class='ocrx_word' id='word_1_61' title='bbox 1428 773 1477 810; x_wconf 88' lang='lat' dir='ltr'>ut</span> <span class='ocrx_word' id='word_1_62' title='bbox 1508 767 1641 823; x_wconf 86' lang='lat' dir='ltr'>juxta</span> <span class='ocrx_word' id='word_1_63' title='bbox 1669 764 1808 826; x_wconf 89' lang='lat' dir='ltr'>paulo</span> 
     </span>
     <span class='ocr_line' id='line_1_11' title="bbox 218 829 1808 891; baseline 0.003 -19"><span class='ocrx_word' id='word_1_64' title='bbox 218 834 326 872; x_wconf 89' lang='lat' dir='ltr'>ante</span> <span class='ocrx_word' id='word_1_65' title='bbox 352 829 597 889; x_wconf 84' lang='lat' dir='ltr'>repetitam</span> <span class='ocrx_word' id='word_1_66' title='bbox 638 829 765 875; x_wconf 86' lang='lat' dir='ltr'>Paeti</span> <span class='ocrx_word' id='word_1_67' title='bbox 805 833 1067 891; x_wconf 79' lang='lat' dir='ltr'>primigenii</span> <span class='ocrx_word' id='word_1_68' title='bbox 1094 832 1408 877; x_wconf 85' lang='lat' dir='ltr'>conditionem</span> <span class='ocrx_word' id='word_1_69' title='bbox 1434 830 1489 876; x_wconf 93' lang='lat' dir='ltr'>II.</span> <span class='ocrx_word' id='word_1_70' title='bbox 1519 839 1675 876; x_wconf 89' lang='lat' dir='ltr'>terrae</span> <span class='ocrx_word' id='word_1_71' title='bbox 1703 834 1808 876; x_wconf 89' lang='lat' dir='ltr'>sin-</span> 
     </span>
     <span class='ocr_line' id='line_1_12' title="bbox 219 893 1811 959; baseline 0.003 -21"><span class='ocrx_word' id='word_1_72' title='bbox 219 893 340 953; x_wconf 81' lang='lat' dir='ltr'>gulis</span> <span class='ocrx_word' id='word_1_73' title='bbox 377 896 423 940; x_wconf 93' lang='lat' dir='ltr'>in</span> <span class='ocrx_word' id='word_1_74' title='bbox 463 895 832 956; x_wconf 70' lang='lat' dir='ltr'>perfectam,</span> <span class='ocrx_word' id='word_1_75' title='bbox 894 913 962 943; x_wconf 89' lang='lat' dir='ltr'>ae</span> <span class='ocrx_word' id='word_1_76' title='bbox 1011 898 1283 943; x_wconf 75' lang='lat' dir='ltr'>lIberam</span> <span class='ocrx_word' id='word_1_77' title='bbox 1330 899 1811 959; x_wconf 83' lang='lat' dir='ltr'>proprietatem</span> 
     </span>
     <span class='ocr_line' id='line_1_13' title="bbox 217 960 1810 1026; baseline 0.002 -20"><span class='ocrx_word' id='word_1_78' title='bbox 217 960 416 1019; x_wconf 84' lang='lat' dir='ltr'>abirent,</span> <span class='ocrx_word' id='word_1_79' title='bbox 457 963 639 1022; x_wconf 90' lang='lat' dir='ltr'>qualem</span> <span class='ocrx_word' id='word_1_80' title='bbox 663 963 787 1009; x_wconf 90' lang='lat' dir='ltr'>Juris</span> <span class='ocrx_word' id='word_1_81' title='bbox 816 965 1016 1010; x_wconf 90' lang='lat' dir='ltr'>consulti</span> <span class='ocrx_word' id='word_1_82' title='bbox 1044 965 1219 1010; x_wconf 85' lang='lat' dir='ltr'>Allodii</span> <span class='ocrx_word' id='word_1_83' title='bbox 1255 965 1614 1026; x_wconf 87' lang='lat' dir='ltr'>compellatione</span> <span class='ocrx_word' id='word_1_84' title='bbox 1657 963 1810 1010; x_wconf 88' lang='lat' dir='ltr'>feudis</span> 
     </span>
     <span class='ocr_line' id='line_1_14' title="bbox 218 1030 1809 1092; baseline 0.002 -19"><span class='ocrx_word' id='word_1_85' title='bbox 218 1035 473 1089; x_wconf 85' lang='lat' dir='ltr'>opponunt.</span> <span class='ocrx_word' id='word_1_86' title='bbox 513 1030 631 1076; x_wconf 87' lang='lat' dir='ltr'>Tota</span> <span class='ocrx_word' id='word_1_87' title='bbox 657 1032 798 1089; x_wconf 85' lang='lat' dir='ltr'>igitur</span> <span class='ocrx_word' id='word_1_88' title='bbox 822 1033 1001 1077; x_wconf 84' lang='lat' dir='ltr'>veteris</span> <span class='ocrx_word' id='word_1_89' title='bbox 1027 1031 1264 1077; x_wconf 84' lang='lat' dir='ltr'>Historiae</span> <span class='ocrx_word' id='word_1_90' title='bbox 1290 1034 1495 1077; x_wconf 87' lang='lat' dir='ltr'>veritate</span> <span class='ocrx_word' id='word_1_91' title='bbox 1521 1033 1569 1088; x_wconf 90' lang='lat' dir='ltr'>ii,</span> <span class='ocrx_word' id='word_1_92' title='bbox 1599 1033 1809 1092; x_wconf 87' lang='lat' dir='ltr'>quamvis</span> 
     </span>
     <span class='ocr_line' id='line_1_15' title="bbox 215 1097 1807 1158; baseline 0.001 -18"><span class='ocrx_word' id='word_1_93' title='bbox 215 1098 454 1142; x_wconf 89' lang='lat' dir='ltr'>numerosi</span> <span class='ocrx_word' id='word_1_94' title='bbox 479 1122 547 1130; x_wconf 89' lang='lat'>--</span> <span class='ocrx_word' id='word_1_95' title='bbox 572 1097 695 1157; x_wconf 89' lang='lat' dir='ltr'>quod</span> <span class='ocrx_word' id='word_1_96' title='bbox 729 1111 846 1158; x_wconf 90' lang='lat' dir='ltr'>pace</span> <span class='ocrx_word' id='word_1_97' title='bbox 882 1098 1066 1143; x_wconf 93' lang='lat' dir='ltr'>illorum</span> <span class='ocrx_word' id='word_1_98' title='bbox 1108 1098 1275 1144; x_wconf 90' lang='lat' dir='ltr'>dictum</span> <span class='ocrx_word' id='word_1_99' title='bbox 1317 1101 1375 1145; x_wconf 90' lang='lat' dir='ltr'>sit</span> <span class='ocrx_word' id='word_1_100' title='bbox 1398 1125 1467 1132; x_wconf 93' lang='lat'>—</span> <span class='ocrx_word' id='word_1_101' title='bbox 1491 1098 1599 1143; x_wconf 91' lang='lat' dir='ltr'>mihi</span> <span class='ocrx_word' id='word_1_102' title='bbox 1647 1099 1807 1144; x_wconf 88' lang='lat' dir='ltr'>saltem</span> 
     </span>
     <span class='ocr_line' id='line_1_16' title="bbox 217 1161 1808 1226; baseline 0.002 -20"><span class='ocrx_word' id='word_1_103' title='bbox 217 1161 471 1209; x_wconf 85' lang='lat' dir='ltr'>deflectere</span> <span class='ocrx_word' id='word_1_104' title='bbox 522 1164 757 1221; x_wconf 70' lang='lat' dir='ltr'>videntur.</span> <span class='ocrx_word' id='word_1_105' title='bbox 802 1166 877 1225; x_wconf 88' lang='lat' dir='ltr'>qui</span> <span class='ocrx_word' id='word_1_106' title='bbox 905 1166 1186 1211; x_wconf 89' lang='lat' dir='ltr'>Statuum</span> <span class='ocrx_word' id='word_1_107' title='bbox 1224 1166 1432 1226; x_wconf 81' lang='lat' dir='ltr'>Regni</span> <span class='ocrx_word' id='word_1_108' title='bbox 1484 1164 1683 1210; x_wconf 89' lang='lat' dir='ltr'>cunab</span> <span class='ocrx_word' id='word_1_109' title='bbox 1705 1164 1808 1209; x_wconf 87' lang='lat' dir='ltr'>ula</span> 
     </span>
     <span class='ocr_line' id='line_1_17' title="bbox 213 1228 1619 1293; baseline 0.003 -20"><span class='ocrx_word' id='word_1_110' title='bbox 213 1228 348 1275; x_wconf 92' lang='lat' dir='ltr'>nobis</span> <span class='ocrx_word' id='word_1_111' title='bbox 376 1245 400 1276; x_wconf 89' lang='lat' dir='ltr'>a</span> <span class='ocrx_word' id='word_1_112' title='bbox 428 1238 687 1293; x_wconf 78' lang='lat' dir='ltr'>systemate</span> <span class='ocrx_word' id='word_1_113' title='bbox 714 1230 887 1278; x_wconf 88' lang='lat' dir='ltr'>feudali</span> <span class='ocrx_word' id='word_1_114' title='bbox 917 1232 1126 1279; x_wconf 89' lang='lat' dir='ltr'>desumta</span> <span class='ocrx_word' id='word_1_115' title='bbox 1154 1233 1433 1278; x_wconf 88' lang='lat' dir='ltr'>arbitrantur</span> <span class='ocrx_word' id='word_1_116' title='bbox 1458 1231 1516 1258; x_wconf 42' lang='grc' dir='ltr'>’Μ</span> <span class='ocrx_word' id='word_1_117' title='bbox 1557 1231 1619 1291; x_wconf 74' lang='lat'>¹³).</span> 
     </span>
    </p>
   </div>
   <div class='ocr_carea' id='block_1_5' title="bbox 269 1324 1811 1666">
    <p class='ocr_par' dir='ltr' id='par_1_5' title="bbox 269 1324 1811 1666">
     <span class='ocr_line' id='line_1_18' title="bbox 269 1324 1809 1381; baseline 0.001 -16"><span class='ocrx_word' id='word_1_118' title='bbox 269 1325 318 1379; x_wconf 72' lang='lat'>²¹¹)</span> <span class='ocrx_word' id='word_1_119' title='bbox 350 1325 462 1377; x_wconf 89' lang='lat' dir='ltr'>Ipsis</span> <span class='ocrx_word' id='word_1_120' title='bbox 506 1329 608 1367; x_wconf 88' lang='lat' dir='ltr'>adeo</span> <span class='ocrx_word' id='word_1_121' title='bbox 653 1328 896 1368; x_wconf 84' lang='lat' dir='ltr'>Germaniae</span> <span class='ocrx_word' id='word_1_122' title='bbox 939 1329 1130 1381; x_wconf 88' lang='lat' dir='ltr'>populis,</span> <span class='ocrx_word' id='word_1_123' title='bbox 1187 1331 1293 1380; x_wconf 83' lang='lat' dir='ltr'>apud</span> <span class='ocrx_word' id='word_1_124' title='bbox 1338 1342 1441 1380; x_wconf 90' lang='lat' dir='ltr'>quos</span> <span class='ocrx_word' id='word_1_125' title='bbox 1494 1324 1628 1368; x_wconf 81' lang='lat' dir='ltr'>tamen</span> <span class='ocrx_word' id='word_1_126' title='bbox 1670 1327 1809 1368; x_wconf 85' lang='lat' dir='ltr'>Feuda</span> 
     </span>
     <span class='ocr_line' id='line_1_19' title="bbox 328 1384 1811 1438; baseline 0.001 -17"><span class='ocrx_word' id='word_1_127' title='bbox 328 1384 531 1435; x_wconf 86' lang='lat' dir='ltr'>originem</span> <span class='ocrx_word' id='word_1_128' title='bbox 572 1397 714 1433; x_wconf 83' lang='lat' dir='ltr'>suam,</span> <span class='ocrx_word' id='word_1_129' title='bbox 772 1398 968 1436; x_wconf 90' lang='lat' dir='ltr'>omneque</span> <span class='ocrx_word' id='word_1_130' title='bbox 1021 1386 1315 1425; x_wconf 86' lang='lat' dir='ltr'>incrementum</span> <span class='ocrx_word' id='word_1_131' title='bbox 1367 1387 1580 1438; x_wconf 76' lang='lat' dir='ltr'>reperisse</span> <span class='ocrx_word' id='word_1_132' title='bbox 1623 1396 1811 1432; x_wconf 86' lang='lat' dir='ltr'>concors,</span> 
     </span>
     <span class='ocr_line' id='line_1_20' title="bbox 323 1437 1806 1495; baseline 0.001 -17"><span class='ocrx_word' id='word_1_133' title='bbox 323 1437 490 1492; x_wconf 86' lang='lat' dir='ltr'>jamque</span> <span class='ocrx_word' id='word_1_134' title='bbox 522 1442 653 1480; x_wconf 86' lang='lat' dir='ltr'>evicta</span> <span class='ocrx_word' id='word_1_135' title='bbox 689 1441 960 1482; x_wconf 86' lang='lat' dir='ltr'>Eruditorum</span> <span class='ocrx_word' id='word_1_136' title='bbox 1003 1450 1065 1481; x_wconf 85' lang='lat' dir='ltr'>est</span> <span class='ocrx_word' id='word_1_137' title='bbox 1106 1443 1313 1482; x_wconf 89' lang='lat' dir='ltr'>Sententia</span> <span class='ocrx_word' id='word_1_138' title='bbox 1337 1442 1406 1495; x_wconf 87' lang='lat' dir='ltr'>c),</span> <span class='ocrx_word' id='word_1_139' title='bbox 1449 1444 1555 1482; x_wconf 90' lang='lat' dir='ltr'>idem</span> <span class='ocrx_word' id='word_1_140' title='bbox 1590 1455 1678 1481; x_wconf 87' lang='lat' dir='ltr'>mos</span> <span class='ocrx_word' id='word_1_141' title='bbox 1710 1440 1806 1480; x_wconf 89' lang='lat' dir='ltr'>olim</span> 
     </span>
     <span class='ocr_line' id='line_1_21' title="bbox 327 1496 1811 1550; baseline 0.002 -17"><span class='ocrx_word' id='word_1_142' title='bbox 327 1496 485 1548; x_wconf 74' lang='lat' dir='ltr'>viguit,</span> <span class='ocrx_word' id='word_1_143' title='bbox 535 1499 673 1536; x_wconf 89' lang='lat' dir='ltr'>eadem</span> <span class='ocrx_word' id='word_1_144' title='bbox 715 1511 891 1549; x_wconf 88' lang='lat' dir='ltr'>prorsus</span> <span class='ocrx_word' id='word_1_145' title='bbox 936 1501 1213 1546; x_wconf 77' lang='lat' dir='ltr'>consvetud03</span> <span class='ocrx_word' id='word_1_146' title='bbox 1259 1500 1435 1538; x_wconf 82' lang='lat' dir='ltr'>ubertim</span> <span class='ocrx_word' id='word_1_147' title='bbox 1478 1500 1587 1538; x_wconf 87' lang='lat' dir='ltr'>istud</span> <span class='ocrx_word' id='word_1_148' title='bbox 1635 1497 1811 1550; x_wconf 83' lang='lat' dir='ltr'>explicat</span> 
     </span>
     <span class='ocr_line' id='line_1_22' title="bbox 333 1551 1810 1607; baseline 0.001 -16"><span class='ocrx_word' id='word_1_149' title='bbox 333 1551 509 1593; x_wconf 83' lang='lat' dir='ltr'>clariss.</span> <span class='ocrx_word' id='word_1_150' title='bbox 551 1554 782 1594; x_wconf 87' lang='lat' dir='ltr'>Vilhelmus</span> <span class='ocrx_word' id='word_1_151' title='bbox 814 1555 928 1594; x_wconf 84' lang='lat' dir='ltr'>Koch</span> <span class='ocrx_word' id='word_1_152' title='bbox 962 1569 1085 1607; x_wconf 88' lang='lat' dir='ltr'>opere</span> <span class='ocrx_word' id='word_1_153' title='bbox 1121 1557 1171 1595; x_wconf 87' lang='lat' dir='ltr'>ad</span> <span class='ocrx_word' id='word_1_154' title='bbox 1202 1563 1387 1595; x_wconf 84' lang='lat' dir='ltr'>nostram</span> <span class='ocrx_word' id='word_1_155' title='bbox 1419 1555 1656 1596; x_wconf 86' lang='lat' dir='ltr'>memoriam</span> <span class='ocrx_word' id='word_1_156' title='bbox 1688 1554 1810 1594; x_wconf 86' lang='lat' dir='ltr'>evul-</span> 
     </span>
     <span class='ocr_line' id='line_1_23' title="bbox 329 1610 1663 1666; baseline 0.002 -17"><span class='ocrx_word' id='word_1_157' title='bbox 329 1616 423 1661; x_wconf 86' lang='lat' dir='ltr'>gato</span> <span class='ocrx_word' id='word_1_158' title='bbox 453 1610 511 1664; x_wconf 72' lang='lat'>&lt;¹)‚</span> <span class='ocrx_word' id='word_1_159' title='bbox 543 1610 584 1649; x_wconf 91' lang='lat' dir='ltr'>in</span> <span class='ocrx_word' id='word_1_160' title='bbox 619 1623 697 1662; x_wconf 90' lang='lat' dir='ltr'>quo</span> <span class='ocrx_word' id='word_1_161' title='bbox 728 1611 867 1651; x_wconf 86' lang='lat' dir='ltr'>Feuda</span> <span class='ocrx_word' id='word_1_162' title='bbox 897 1612 946 1652; x_wconf 89' lang='lat' dir='ltr'>ab</span> <span class='ocrx_word' id='word_1_163' title='bbox 979 1625 1057 1651; x_wconf 81' lang='lat' dir='ltr'>ovo</span> <span class='ocrx_word' id='word_1_164' title='bbox 1089 1634 1142 1640; x_wconf 95' lang='lat'><strong>—</strong></span> <span class='ocrx_word' id='word_1_165' title='bbox 1174 1618 1218 1651; x_wconf 90' lang='lat' dir='ltr'>ut</span> <span class='ocrx_word' id='word_1_166' title='bbox 1249 1611 1366 1666; x_wconf 84' lang='lat' dir='ltr'>ajunt</span> <span class='ocrx_word' id='word_1_167' title='bbox 1400 1636 1445 1641; x_wconf 93' lang='lat'>——</span> <span class='ocrx_word' id='word_1_168' title='bbox 1481 1613 1663 1653; x_wconf 73' lang='lat' dir='ltr'>deduxit.</span> 
     </span>
    </p>
   </div>
   <div class='ocr_carea' id='block_1_6' title="bbox 242 1679 1803 1960">
    <p class='ocr_par' dir='ltr' id='par_1_6' title="bbox 242 1679 1803 1960">
     <span class='ocr_line' id='line_1_24' title="bbox 242 1679 1801 1735; baseline 0 -15"><span class='ocrx_word' id='word_1_169' title='bbox 242 1679 322 1735; x_wconf 57' lang='grc' dir='ltr'>Η)</span> <span class='ocrx_word' id='word_1_170' title='bbox 352 1681 445 1721; x_wconf 91' lang='lat' dir='ltr'>Non</span> <span class='ocrx_word' id='word_1_171' title='bbox 488 1687 550 1720; x_wconf 89' lang='lat' dir='ltr'>est</span> <span class='ocrx_word' id='word_1_172' title='bbox 589 1680 716 1735; x_wconf 88' lang='lat' dir='ltr'>hujus</span> <span class='ocrx_word' id='word_1_173' title='bbox 765 1683 843 1722; x_wconf 91' lang='lat' dir='ltr'>loci</span> <span class='ocrx_word' id='word_1_174' title='bbox 885 1684 973 1722; x_wconf 81' lang='lat' dir='ltr'>sive</span> <span class='ocrx_word' id='word_1_175' title='bbox 1014 1684 1132 1723; x_wconf 86' lang='lat' dir='ltr'>initia</span> <span class='ocrx_word' id='word_1_176' title='bbox 1177 1683 1410 1724; x_wconf 87' lang='lat' dir='ltr'>Feudorum</span> <span class='ocrx_word' id='word_1_177' title='bbox 1450 1697 1523 1723; x_wconf 86' lang='lat' dir='ltr'>seu</span> <span class='ocrx_word' id='word_1_178' title='bbox 1563 1682 1801 1722; x_wconf 82' lang='lat' dir='ltr'>varietatem</span> 
     </span>
     <span class='ocr_line' id='line_1_25' title="bbox 324 1738 1803 1792; baseline 0 -15"><span class='ocrx_word' id='word_1_179' title='bbox 324 1738 531 1789; x_wconf 85' lang='lat' dir='ltr'>prolixius</span> <span class='ocrx_word' id='word_1_180' title='bbox 574 1751 801 1789; x_wconf 83' lang='lat' dir='ltr'>exponere,</span> <span class='ocrx_word' id='word_1_181' title='bbox 848 1741 953 1791; x_wconf 87' lang='lat' dir='ltr'>quod</span> <span class='ocrx_word' id='word_1_182' title='bbox 996 1740 1078 1779; x_wconf 88' lang='lat' dir='ltr'>sibi</span> <span class='ocrx_word' id='word_1_183' title='bbox 1118 1741 1361 1792; x_wconf 88' lang='lat' dir='ltr'>cumprimis</span> <span class='ocrx_word' id='word_1_184' title='bbox 1394 1740 1585 1791; x_wconf 85' lang='lat' dir='ltr'>specialis</span> <span class='ocrx_word' id='word_1_185' title='bbox 1619 1739 1803 1778; x_wconf 83' lang='lat' dir='ltr'>doctrina</span> 
     </span>
     <span class='ocr_line' id='line_1_26' title="bbox 325 1795 1801 1847; baseline -0.001 -13"><span class='ocrx_word' id='word_1_186' title='bbox 325 1795 528 1844; x_wconf 79' lang='lat' dir='ltr'>vendicat,</span> <span class='ocrx_word' id='word_1_187' title='bbox 559 1801 597 1834; x_wconf 89' lang='lat' dir='ltr'>et</span> <span class='ocrx_word' id='word_1_188' title='bbox 629 1807 730 1847; x_wconf 88' lang='lat' dir='ltr'>quae</span> <span class='ocrx_word' id='word_1_189' title='bbox 761 1797 855 1836; x_wconf 89' lang='lat' dir='ltr'>inde</span> <span class='ocrx_word' id='word_1_190' title='bbox 887 1796 1008 1835; x_wconf 87' lang='lat' dir='ltr'>nobis</span> <span class='ocrx_word' id='word_1_191' title='bbox 1039 1797 1195 1836; x_wconf 86' lang='lat' dir='ltr'>sensim</span> <span class='ocrx_word' id='word_1_192' title='bbox 1227 1804 1512 1845; x_wconf 84' lang='lat' dir='ltr'>accreverunt,</span> <span class='ocrx_word' id='word_1_193' title='bbox 1544 1795 1701 1843; x_wconf 85' lang='lat' dir='ltr'>affinia,</span> <span class='ocrx_word' id='word_1_194' title='bbox 1732 1795 1801 1834; x_wconf 93' lang='lat' dir='ltr'>ubi</span> 
     </span>
     <span class='ocr_line' id='line_1_27' title="bbox 327 1852 1802 1907; baseline 0 -17"><span class='ocrx_word' id='word_1_195' title='bbox 327 1852 375 1890; x_wconf 89' lang='lat' dir='ltr'>de</span> <span class='ocrx_word' id='word_1_196' title='bbox 415 1858 562 1891; x_wconf 85' lang='lat' dir='ltr'>natura</span> <span class='ocrx_word' id='word_1_197' title='bbox 604 1852 804 1892; x_wconf 91' lang='lat' dir='ltr'>bonorum</span> <span class='ocrx_word' id='word_1_198' title='bbox 856 1853 1138 1893; x_wconf 86' lang='lat' dir='ltr'>nobilitarium</span> <span class='ocrx_word' id='word_1_199' title='bbox 1190 1856 1394 1907; x_wconf 86' lang='lat' dir='ltr'>agendum</span> <span class='ocrx_word' id='word_1_200' title='bbox 1435 1853 1618 1903; x_wconf 85' lang='lat' dir='ltr'>venerit,</span> <span class='ocrx_word' id='word_1_201' title='bbox 1662 1852 1802 1892; x_wconf 81' lang='lat' dir='ltr'>sobrie</span> 
     </span>
     <span class='ocr_line' id='line_1_28' title="bbox 326 1909 691 1960; baseline 0.003 -14"><span class='ocrx_word' id='word_1_202' title='bbox 326 1909 592 1960; x_wconf 84' lang='lat' dir='ltr'>attingentur.</span> <span class='ocrx_word' id='word_1_203' title='bbox 687 1919 691 1922; x_wconf 58' lang='lat'><strong>⁴</strong></span> 
     </span>
    </p>
   </div>
   <div class='ocr_carea' id='block_1_7' title="bbox 377 1997 1635 2155">
    <p class='ocr_par' dir='ltr' id='par_1_7' title="bbox 377 1997 1635 2155">
     <span class='ocr_line' id='line_1_29' title="bbox 919 1997 1119 2051; baseline 0.005 -12"><span class='ocrx_word' id='word_1_204' title='bbox 919 1997 966 2051; x_wconf 60' lang='grc' dir='ltr'>ἓ.</span> <span class='ocrx_word' id='word_1_205' title='bbox 1012 1997 1119 2042; x_wconf 88' lang='grc'>163.</span> 
     </span>
     <span class='ocr_line' id='line_1_30' title="bbox 377 2094 1635 2155; baseline -0.002 -13"><span class='ocrx_word' id='word_1_206' title='bbox 377 2097 516 2144; x_wconf 79' lang='lat' dir='ltr'>Haec</span> <span class='ocrx_word' id='word_1_207' title='bbox 548 2099 781 2155; x_wconf 70' lang='lat' dir='ltr'>primitus</span> <span class='ocrx_word' id='word_1_208' title='bbox 817 2094 1060 2153; x_wconf 78' lang='lat' dir='ltr'>Populum</span> <span class='ocrx_word' id='word_1_209' title='bbox 1098 2098 1258 2153; x_wconf 71' lang='lat' dir='ltr'>ipsum</span> <span class='ocrx_word' id='word_1_210' title='bbox 1297 2098 1635 2141; x_wconf 76' lang='lat' dir='ltr'>constituerat.</span> 
     </span>
    </p>
   </div>
   <div class='ocr_carea' id='block_1_8' title="bbox 216 2192 1804 2391">
    <p class='ocr_par' dir='ltr' id='par_1_8' title="bbox 216 2192 1804 2391">
     <span class='ocr_line' id='line_1_31' title="bbox 349 2192 1804 2255; baseline 0.001 -17"><span class='ocrx_word' id='word_1_211' title='bbox 349 2193 505 2254; x_wconf 88' lang='lat' dir='ltr'>Atque</span> <span class='ocrx_word' id='word_1_212' title='bbox 532 2192 606 2238; x_wconf 92' lang='lat' dir='ltr'>hic</span> <span class='ocrx_word' id='word_1_213' title='bbox 631 2195 832 2254; x_wconf 81' lang='lat' dir='ltr'>genuina</span> <span class='ocrx_word' id='word_1_214' title='bbox 861 2194 995 2252; x_wconf 79' lang='lat' dir='ltr'>origo</span> <span class='ocrx_word' id='word_1_215' title='bbox 1024 2192 1260 2253; x_wconf 85' lang='lat' dir='ltr'>querenda</span> <span class='ocrx_word' id='word_1_216' title='bbox 1289 2200 1377 2240; x_wconf 89' lang='lat' dir='ltr'>est.</span> <span class='ocrx_word' id='word_1_217' title='bbox 1407 2208 1487 2239; x_wconf 89' lang='lat' dir='ltr'>cur</span> <span class='ocrx_word' id='word_1_218' title='bbox 1527 2194 1573 2239; x_wconf 93' lang='lat' dir='ltr'>in</span> <span class='ocrx_word' id='word_1_219' title='bbox 1599 2194 1804 2255; x_wconf 89' lang='lat' dir='ltr'>primor-</span> 
     </span>
     <span class='ocr_line' id='line_1_32' title="bbox 218 2259 1804 2322; baseline 0.001 -17"><span class='ocrx_word' id='word_1_220' title='bbox 218 2260 303 2306; x_wconf 87' lang='lat' dir='ltr'>diis</span> <span class='ocrx_word' id='word_1_221' title='bbox 335 2263 431 2307; x_wconf 86' lang='lat' dir='ltr'>suis</span> <span class='ocrx_word' id='word_1_222' title='bbox 460 2260 547 2306; x_wconf 88' lang='lat' dir='ltr'>soli</span> <span class='ocrx_word' id='word_1_223' title='bbox 583 2260 799 2317; x_wconf 80' lang='lat' dir='ltr'>Nobiles,</span> <span class='ocrx_word' id='word_1_224' title='bbox 839 2267 975 2305; x_wconf 86' lang='lat' dir='ltr'>antea</span> <span class='ocrx_word' id='word_1_225' title='bbox 1001 2259 1189 2317; x_wconf 63' lang='lat' dir='ltr'>Milites.</span> <span class='ocrx_word' id='word_1_226' title='bbox 1218 2262 1519 2322; x_wconf 87' lang='lat' dir='ltr'>proprietatis</span> <span class='ocrx_word' id='word_1_227' title='bbox 1546 2268 1720 2318; x_wconf 87' lang='lat' dir='ltr'>terrae,</span> <span class='ocrx_word' id='word_1_228' title='bbox 1748 2262 1804 2307; x_wconf 87' lang='lat' dir='ltr'>ad</span> 
     </span>
     <span class='ocr_line' id='line_1_33' title="bbox 216 2328 1803 2391; baseline 0.001 -19"><span class='ocrx_word' id='word_1_229' title='bbox 216 2342 351 2387; x_wconf 90' lang='lat' dir='ltr'>quam</span> <span class='ocrx_word' id='word_1_230' title='bbox 378 2328 741 2389; x_wconf 89' lang='lat' dir='ltr'>conquirendam</span> <span class='ocrx_word' id='word_1_231' title='bbox 767 2329 903 2373; x_wconf 90' lang='lat' dir='ltr'>armis</span> <span class='ocrx_word' id='word_1_232' title='bbox 932 2329 1028 2374; x_wconf 91' lang='lat' dir='ltr'>suis</span> <span class='ocrx_word' id='word_1_233' title='bbox 1056 2330 1422 2386; x_wconf 81' lang='lat' dir='ltr'>concurrissent,</span> <span class='ocrx_word' id='word_1_234' title='bbox 1449 2330 1495 2374; x_wconf 92' lang='lat' dir='ltr'>in</span> <span class='ocrx_word' id='word_1_235' title='bbox 1508 2328 1659 2374; x_wconf 86' lang='lat' dir='ltr'>Patria</span> <span class='ocrx_word' id='word_1_236' title='bbox 1682 2342 1803 2391; x_wconf 91' lang='lat' dir='ltr'>pos-</span> 
     </span>
    </p>
   </div>
   <div class='ocr_carea' id='block_1_9' title="bbox 221 2423 462 2432">
    <p class='ocr_par' dir='ltr' id='par_1_9' title="bbox 221 2423 462 2432">
     <span class='ocr_line' id='line_1_34' title="bbox 221 2423 462 2432; baseline 0 711"><span class='ocrx_word' id='word_1_237' title='bbox 221 2423 462 2432; x_wconf 95' lang='lat' dir='ltr'> </span> 
     </span>
    </p>
   </div>
   <div class='ocr_carea' id='block_1_10' title="bbox 253 2450 1804 2870">
    <p class='ocr_par' dir='ltr' id='par_1_10' title="bbox 254 2450 1800 2535">
     <span class='ocr_line' id='line_1_35' title="bbox 254 2450 1800 2499; baseline 0.004 -15"><span class='ocrx_word' id='word_1_238' title='bbox 254 2450 288 2493; x_wconf 75' lang='lat' dir='ltr'>a)</span> <span class='ocrx_word' id='word_1_239' title='bbox 314 2454 349 2485; x_wconf 90' lang='lat' dir='ltr'>S.</span> <span class='ocrx_word' id='word_1_240' title='bbox 373 2455 497 2496; x_wconf 84' lang='lat' dir='ltr'>Steph.</span> <span class='ocrx_word' id='word_1_241' title='bbox 535 2458 578 2488; x_wconf 92' lang='lat' dir='ltr'>D.</span> <span class='ocrx_word' id='word_1_242' title='bbox 610 2458 646 2488; x_wconf 90' lang='lat' dir='ltr'>L.</span> <span class='ocrx_word' id='word_1_243' title='bbox 674 2458 698 2489; x_wconf 88' lang='lat'>1.</span> <span class='ocrx_word' id='word_1_244' title='bbox 726 2457 761 2489; x_wconf 92' lang='lat' dir='ltr'>C.</span> <span class='ocrx_word' id='word_1_245' title='bbox 791 2455 821 2490; x_wconf 67' lang='lat'>4.</span> <span class='ocrx_word' id='word_1_246' title='bbox 847 2471 892 2476; x_wconf 90' lang='lat'>—</span> <span class='ocrx_word' id='word_1_247' title='bbox 921 2457 1136 2499; x_wconf 79' lang='lat' dir='ltr'>explicatius</span> <span class='ocrx_word' id='word_1_248' title='bbox 1163 2458 1200 2489; x_wconf 88' lang='lat' dir='ltr'>S.</span> <span class='ocrx_word' id='word_1_249' title='bbox 1237 2458 1392 2490; x_wconf 83' lang='lat' dir='ltr'>Ladislai</span> <span class='ocrx_word' id='word_1_250' title='bbox 1419 2458 1461 2489; x_wconf 94' lang='lat' dir='ltr'>D.</span> <span class='ocrx_word' id='word_1_251' title='bbox 1489 2458 1527 2491; x_wconf 85' lang='lat' dir='ltr'>L.</span> <span class='ocrx_word' id='word_1_252' title='bbox 1556 2458 1583 2490; x_wconf 92' lang='lat'>1.</span> <span class='ocrx_word' id='word_1_253' title='bbox 1610 2457 1648 2490; x_wconf 85' lang='lat' dir='ltr'>C.</span> <span class='ocrx_word' id='word_1_254' title='bbox 1674 2455 1730 2490; x_wconf 80' lang='lat'>41.</span> <span class='ocrx_word' id='word_1_255' title='bbox 1758 2475 1800 2481; x_wconf 84' lang='lat'>——</span> 
     </span>
     <span class='ocr_line' id='line_1_36' title="bbox 321 2500 686 2535; baseline 0.014 -5"><span class='ocrx_word' id='word_1_256' title='bbox 321 2500 482 2534; x_wconf 71' lang='lat' dir='ltr'>Verbiicz</span> <span class='ocrx_word' id='word_1_257' title='bbox 510 2502 543 2534; x_wconf 90' lang='lat' dir='ltr'>ln</span> <span class='ocrx_word' id='word_1_258' title='bbox 569 2504 686 2535; x_wconf 85' lang='lat' dir='ltr'>Praef.</span> 
     </span>
    </p>

    <p class='ocr_par' dir='ltr' id='par_1_11' title="bbox 253 2542 1804 2684">
     <span class='ocr_line' id='line_1_37' title="bbox 253 2542 1804 2591; baseline 0.002 -13"><span class='ocrx_word' id='word_1_259' title='bbox 253 2542 288 2584; x_wconf 79' lang='lat'>¹³)</span> <span class='ocrx_word' id='word_1_260' title='bbox 314 2546 447 2580; x_wconf 82' lang='lat' dir='ltr'>Euseb.</span> <span class='ocrx_word' id='word_1_261' title='bbox 474 2549 630 2581; x_wconf 75' lang='lat' dir='ltr'>Ver-inus</span> <span class='ocrx_word' id='word_1_262' title='bbox 670 2567 708 2572; x_wconf 87' lang='lat'>-—</span> <span class='ocrx_word' id='word_1_263' title='bbox 736 2548 859 2580; x_wconf 72' lang='lat' dir='ltr'>Kollar</span> <span class='ocrx_word' id='word_1_264' title='bbox 886 2552 1035 2582; x_wconf 81' lang='lat' dir='ltr'>Amoen.</span> <span class='ocrx_word' id='word_1_265' title='bbox 1061 2552 1139 2582; x_wconf 80' lang='lat' dir='ltr'>Jur.</span> <span class='ocrx_word' id='word_1_266' title='bbox 1166 2549 1244 2590; x_wconf 85' lang='lat' dir='ltr'>pub.</span> <span class='ocrx_word' id='word_1_267' title='bbox 1271 2550 1358 2590; x_wconf 82' lang='lat' dir='ltr'>Reg.</span> <span class='ocrx_word' id='word_1_268' title='bbox 1382 2549 1500 2591; x_wconf 82' lang='lat' dir='ltr'>Hung.</span> <span class='ocrx_word' id='word_1_269' title='bbox 1541 2548 1619 2582; x_wconf 79' lang='lat' dir='ltr'>Vol.</span> <span class='ocrx_word' id='word_1_270' title='bbox 1653 2550 1682 2581; x_wconf 86' lang='lat'>1.</span> <span class='ocrx_word' id='word_1_271' title='bbox 1720 2549 1804 2581; x_wconf 81' lang='lat' dir='ltr'>Sec..</span> 
     </span>
     <span class='ocr_line' id='line_1_38' title="bbox 318 2593 1802 2637; baseline 0.001 -12"><span class='ocrx_word' id='word_1_272' title='bbox 318 2593 350 2625; x_wconf 88' lang='lat'>3.</span> <span class='ocrx_word' id='word_1_273' title='bbox 379 2593 415 2625; x_wconf 90' lang='lat' dir='ltr'>C.</span> <span class='ocrx_word' id='word_1_274' title='bbox 442 2596 471 2625; x_wconf 84' lang='lat'>2.</span> <span class='ocrx_word' id='word_1_275' title='bbox 497 2594 524 2635; x_wconf 66' lang='lat'>§-</span> <span class='ocrx_word' id='word_1_276' title='bbox 553 2597 582 2627; x_wconf 88' lang='lat'>5.</span> <span class='ocrx_word' id='word_1_277' title='bbox 608 2612 654 2617; x_wconf 88' lang='lat'>—</span> <span class='ocrx_word' id='word_1_278' title='bbox 678 2596 771 2635; x_wconf 71' lang='lat' dir='ltr'>Pray</span> <span class='ocrx_word' id='word_1_279' title='bbox 797 2596 889 2627; x_wconf 86' lang='lat' dir='ltr'>Hist.</span> <span class='ocrx_word' id='word_1_280' title='bbox 917 2598 1004 2631; x_wconf 60' lang='lat' dir='ltr'>neg.</span> <span class='ocrx_word' id='word_1_281' title='bbox 1031 2598 1148 2634; x_wconf 63' lang='lat' dir='ltr'>Hunz.</span> <span class='ocrx_word' id='word_1_282' title='bbox 1176 2595 1209 2627; x_wconf 86' lang='grc'>111</span> <span class='ocrx_word' id='word_1_283' title='bbox 1238 2599 1309 2627; x_wconf 85' lang='lat' dir='ltr'>not.</span> <span class='ocrx_word' id='word_1_284' title='bbox 1339 2605 1459 2637; x_wconf 81' lang='lat' dir='ltr'>praev.</span> <span class='ocrx_word' id='word_1_285' title='bbox 1487 2593 1515 2636; x_wconf 79' lang='lat'>§.</span> <span class='ocrx_word' id='word_1_286' title='bbox 1543 2594 1574 2627; x_wconf 70' lang='lat'>4.</span> <span class='ocrx_word' id='word_1_287' title='bbox 1601 2610 1648 2617; x_wconf 91' lang='lat'>—-</span> <span class='ocrx_word' id='word_1_288' title='bbox 1683 2600 1718 2629; x_wconf 83' lang='lat' dir='ltr'>et</span> <span class='ocrx_word' id='word_1_289' title='bbox 1758 2604 1802 2628; x_wconf 82' lang='lat' dir='ltr'>ex</span> 
     </span>
     <span class='ocr_line' id='line_1_39' title="bbox 318 2641 1589 2684; baseline 0.004 -14"><span class='ocrx_word' id='word_1_290' title='bbox 318 2641 488 2680; x_wconf 80' lang='lat' dir='ltr'>professo</span> <span class='ocrx_word' id='word_1_291' title='bbox 521 2642 629 2674; x_wconf 79' lang='lat' dir='ltr'>mich.</span> <span class='ocrx_word' id='word_1_292' title='bbox 668 2642 832 2681; x_wconf 65' lang='lat' dir='ltr'>Pii-inger</span> <span class='ocrx_word' id='word_1_293' title='bbox 858 2644 943 2681; x_wconf 67' lang='lat' dir='ltr'>[ng.</span> <span class='ocrx_word' id='word_1_294' title='bbox 970 2644 1169 2674; x_wconf 69' lang='lat' dir='ltr'>Banderien</span> <span class='ocrx_word' id='word_1_295' title='bbox 1196 2643 1233 2674; x_wconf 91' lang='lat' dir='ltr'>P.</span> <span class='ocrx_word' id='word_1_296' title='bbox 1261 2643 1286 2674; x_wconf 84' lang='lat'>1.</span> <span class='ocrx_word' id='word_1_297' title='bbox 1315 2651 1346 2683; x_wconf 84' lang='lat' dir='ltr'>p.</span> <span class='ocrx_word' id='word_1_298' title='bbox 1373 2643 1428 2675; x_wconf 84' lang='lat'>60.</span> <span class='ocrx_word' id='word_1_299' title='bbox 1455 2648 1490 2675; x_wconf 82' lang='lat' dir='ltr'>et</span> <span class='ocrx_word' id='word_1_300' title='bbox 1515 2652 1589 2684; x_wconf 83' lang='lat' dir='ltr'>seq.</span> 
     </span>
    </p>

    <p class='ocr_par' dir='ltr' id='par_1_12' title="bbox 255 2681 1802 2824">
     <span class='ocr_line' id='line_1_40' title="bbox 255 2681 1802 2729; baseline 0 -12"><span class='ocrx_word' id='word_1_301' title='bbox 255 2681 286 2725; x_wconf 85' lang='lat' dir='ltr'>c)</span> <span class='ocrx_word' id='word_1_302' title='bbox 316 2687 416 2718; x_wconf 81' lang='lat' dir='ltr'>Alios</span> <span class='ocrx_word' id='word_1_303' title='bbox 443 2687 503 2720; x_wconf 85' lang='lat' dir='ltr'>int.</span> <span class='ocrx_word' id='word_1_304' title='bbox 529 2689 598 2720; x_wconf 74' lang='lat' dir='ltr'>vid.</span> <span class='ocrx_word' id='word_1_305' title='bbox 626 2689 791 2721; x_wconf 78' lang='lat' dir='ltr'>Luitdotf.</span> <span class='ocrx_word' id='word_1_306' title='bbox 817 2690 1000 2721; x_wconf 62' lang='lat' dir='ltr'>Selii-(ider</span> <span class='ocrx_word' id='word_1_307' title='bbox 1025 2690 1059 2720; x_wconf 89' lang='lat' dir='ltr'>in</span> <span class='ocrx_word' id='word_1_308' title='bbox 1088 2691 1206 2721; x_wconf 84' lang='lat' dir='ltr'>Tract.</span> <span class='ocrx_word' id='word_1_309' title='bbox 1237 2689 1344 2720; x_wconf 78' lang='lat' dir='ltr'>Feud.</span> <span class='ocrx_word' id='word_1_310' title='bbox 1373 2690 1412 2722; x_wconf 85' lang='lat' dir='ltr'>T.</span> <span class='ocrx_word' id='word_1_311' title='bbox 1453 2691 1484 2723; x_wconf 87' lang='lat'>1.</span> <span class='ocrx_word' id='word_1_312' title='bbox 1519 2699 1550 2729; x_wconf 85' lang='lat' dir='ltr'>p.</span> <span class='ocrx_word' id='word_1_313' title='bbox 1577 2690 1608 2721; x_wconf 80' lang='lat'>2.</span> <span class='ocrx_word' id='word_1_314' title='bbox 1637 2687 1674 2720; x_wconf 92' lang='lat' dir='ltr'>C.</span> <span class='ocrx_word' id='word_1_315' title='bbox 1699 2688 1733 2720; x_wconf 89' lang='lat'>1.</span> <span class='ocrx_word' id='word_1_316' title='bbox 1760 2686 1802 2718; x_wconf 85' lang='lat' dir='ltr'>de</span> 
     </span>
     <span class='ocr_line' id='line_1_41' title="bbox 320 2728 1800 2776; baseline 0.001 -12"><span class='ocrx_word' id='word_1_317' title='bbox 320 2733 409 2776; x_wconf 78' lang='lat' dir='ltr'>orig.</span> <span class='ocrx_word' id='word_1_318' title='bbox 437 2737 472 2765; x_wconf 76' lang='lat' dir='ltr'>et</span> <span class='ocrx_word' id='word_1_319' title='bbox 500 2734 603 2767; x_wconf 80' lang='lat' dir='ltr'>Etim.</span> <span class='ocrx_word' id='word_1_320' title='bbox 631 2736 738 2768; x_wconf 71' lang='lat' dir='ltr'>Peuci.</span> <span class='ocrx_word' id='word_1_321' title='bbox 764 2735 876 2769; x_wconf 87' lang='lat' dir='ltr'>Horn.</span> <span class='ocrx_word' id='word_1_322' title='bbox 902 2735 1036 2775; x_wconf 79' lang='lat' dir='ltr'>Jurisp.</span> <span class='ocrx_word' id='word_1_323' title='bbox 1076 2736 1184 2767; x_wconf 78' lang='lat' dir='ltr'>Feud.</span> <span class='ocrx_word' id='word_1_324' title='bbox 1227 2735 1262 2766; x_wconf 89' lang='lat' dir='ltr'>C.</span> <span class='ocrx_word' id='word_1_325' title='bbox 1290 2738 1322 2767; x_wconf 90' lang='lat'>1.</span> <span class='ocrx_word' id='word_1_326' title='bbox 1349 2733 1378 2775; x_wconf 60' lang='grc' dir='ltr'>ᾗ.</span> <span class='ocrx_word' id='word_1_327' title='bbox 1407 2735 1461 2769; x_wconf 89' lang='grc'>16.</span> <span class='ocrx_word' id='word_1_328' title='bbox 1488 2732 1609 2773; x_wconf 61' lang='lat' dir='ltr'>ercr,</span> <span class='ocrx_word' id='word_1_329' title='bbox 1634 2728 1800 2772; x_wconf 45' lang='lat' dir='ltr'>{tunbbud}</span> 
     </span>
     <span class='ocr_line' id='line_1_42' title="bbox 331 2777 1374 2824; baseline 0.003 -14"><span class='ocrx_word' id='word_1_330' title='bbox 331 2780 384 2811; x_wconf 63' lang='lat' dir='ltr'>bes</span> <span class='ocrx_word' id='word_1_331' title='bbox 409 2778 442 2811; x_wconf 84' lang='lat' dir='ltr'>in</span> <span class='ocrx_word' id='word_1_332' title='bbox 466 2777 670 2824; x_wconf 59' lang='lat' dir='ltr'>Qeutscfflanr</span> <span class='ocrx_word' id='word_1_333' title='bbox 699 2778 833 2822; x_wconf 61' lang='lat' dir='ltr'>iibtidyen</span> <span class='ocrx_word' id='word_1_334' title='bbox 858 2780 1074 2822; x_wconf 52' lang='lat' dir='ltr'>*debentccbtcss</span> <span class='ocrx_word' id='word_1_335' title='bbox 1099 2791 1129 2822; x_wconf 90' lang='lat' dir='ltr'>p.</span> <span class='ocrx_word' id='word_1_336' title='bbox 1157 2782 1210 2814; x_wconf 88' lang='lat'>53.</span> <span class='ocrx_word' id='word_1_337' title='bbox 1238 2785 1274 2814; x_wconf 83' lang='lat' dir='ltr'>et</span> <span class='ocrx_word' id='word_1_338' title='bbox 1300 2790 1374 2822; x_wconf 84' lang='lat' dir='ltr'>seq.</span> 
     </span>
    </p>

    <p class='ocr_par' dir='ltr' id='par_1_13' title="bbox 256 2821 1449 2870">
     <span class='ocr_line' id='line_1_43' title="bbox 256 2821 1449 2870; baseline 0.003 -11"><span class='ocrx_word' id='word_1_339' title='bbox 256 2821 293 2866; x_wconf 71' lang='lat'>⁴1)</span> <span class='ocrx_word' id='word_1_340' title='bbox 317 2821 468 2859; x_wconf 55' lang='lat' dir='ltr'>&amp;emitte</span> <span class='ocrx_word' id='word_1_341' title='bbox 492 2827 543 2862; x_wconf 68' lang='lat' dir='ltr'>bet</span> <span class='ocrx_word' id='word_1_342' title='bbox 568 2825 761 2862; x_wconf 65' lang='lat' dir='ltr'>vtem=1utton</span> <span class='ocrx_word' id='word_1_343' title='bbox 784 2825 818 2860; x_wconf 79' lang='lat' dir='ltr'>in</span> <span class='ocrx_word' id='word_1_344' title='bbox 842 2824 981 2868; x_wconf 59' lang='lat' dir='ltr'>(intera.</span> <span class='ocrx_word' id='word_1_345' title='bbox 1008 2829 1038 2861; x_wconf 86' lang='lat'>1.</span> <span class='ocrx_word' id='word_1_346' title='bbox 1061 2824 1194 2868; x_wconf 54' lang='lat' dir='ltr'>mettere</span> <span class='ocrx_word' id='word_1_347' title='bbox 1218 2837 1250 2870; x_wconf 85' lang='lat' dir='ltr'>p.</span> <span class='ocrx_word' id='word_1_348' title='bbox 1277 2828 1449 2862; x_wconf 85' lang='lat'><strong>58-101.</strong></span> 
     </span>
    </p>
   </div>
  </div>
 </body>
</html>
