1941 3143
205 55 301 102 120

201 180 301 211 rum
350 165 671 211 Praelati.
726 166 831 212 dein
885 165 1174 210 Barones
1214 179 1314 210 cum
1365 165 1792 226 MagnatibuS,

201 231 471 278 Nobiles
500 235 636 278 item.
678 248 732 278 ac
759 233 1024 279 Liberae
1055 232 1423 293 Regiaeque
1465 233 1794 280 Civitates

206 299 261 344 ab
304 299 412 344 olim
448 298 801 355 reserebantur3
841 301 991 344 serius
1033 308 1337 346 accesserunt
1375 301 1623 346 Districtus
1668 315 1796 347 non-

205 366 315 411 nulli
337 401 350 415 t
390 366 444 411 ab
473 366 651 411 illarum
680 367 895 427 analogia
924 381 1073 426 aeque
1113 367 1224 412 Jure
1253 368 1447 412 Comitia
1476 368 1672 414 adeundi
1703 368 1796 413 do-

204 435 314 478 nati.
356 433 455 478 Nec
490 433 608 477 alios
645 434 802 479 Status
831 441 877 479 et
903 434 1102 479 Ordines
1137 433 1370 493 Hungaria
1412 450 1611 495 unquam
1641 449 1797 494 agno-

204 506 369 551 verat„
409 499 532 559 quod
576 502 776 545 omnium
812 501 1071 546 clarissime
1113 500 1216 558 lex3
1255 502 1425 547 Mathia
1466 501 1547 547 lt‘¹⁰
1569 508 1798 563 regnante

207 566 393 614 condita
437 567 510 624 Ἴ,
550 569 892 629 pronunciavit.

906 669 952 724 ἓ.
999 670 1104 715 153.

560 751 794 797 Εςϊοιγίία
820 752 1112 798 Nobilitas&
1136 754 1445 810 llemyariae.

353 833 598 878 Vetustum
636 834 817 893 quidem
856 842 927 880 est
952 837 1089 880 unius
1117 836 1341 894 cujusque
1379 835 1538 878 horum
1567 833 1804 888 Ordinunn

219 901 302 946 sed
329 914 421 945 non
450 900 566 945 idem
597 903 796 946 omnium
824 904 1014 946 initium.
1058 901 1170 946 Nam
1198 901 1484 955 Aborigines
1513 901 1685 955 nostri„
1714 899 1805 943 do-

210 983 299 1013 nec
325 970 580 1012 communis
626 970 804 1028 imperii
845 975 1095 1029 expertes„
1136 975 1323 1026 gentem
1365 967 1655 1012 foederatam
1682 981 1804 1011 con-

212 1036 491 1083 stituerant„
545 1042 683 1094 atque
723 1035 892 1091 singuli
934 1049 1094 1079 eorum
1135 1037 1228 1079 nati
1271 1041 1403 1079 erant
1439 1035 1636 1088 milites,
1677 1040 1805 1078 certe

212 1102 335 1146 haud
363 1102 524 1148 aliam.
565 1115 699 1160 quam
737 1101 981 1146 militarem
1022 1108 1257 1147 noverunt
1283 1101 1623 1147 conditionem.
1653 1115 1803 1160 neque

211 1174 401 1229 praeter
428 1167 768 1213 haereditarios
797 1168 1015 1213 Tribuum
1043 1169 1199 1213 Duces
1218 1203 1230 1221 ,
1270 1184 1294 1213 a
1324 1168 1629 1214 Constantino
1656 1166 1806 1212 Boe-

213 1236 281 1281 bo
302 1235 430 1290 dosq
473 1237 574 1279 sive
616 1235 858 1293 Vajvodas
900 1235 1204 1296 compellantes
1248 1234 1290 1292 ¹³)
1311 1270 1323 1286 .,
1362 1235 1498 1280 ullius
1517 1270 1528 1281 .
1569 1249 1686 1295 quae
1728 1236 1806 1279 in-

219 1309 292 1348 ter
319 1302 527 1361 reliquos
555 1302 842 1348 contribules
870 1305 1096 1348 emineret
1115 1338 1127 1353 ,
1167 1302 1505 1347 haereditariae
1540 1301 1806 1347 Nobilitatis

218 1370 367 1415 ideam
417 1369 675 1415 habebant.
716 1371 847 1427 cujus
901 1373 1093 1430 primum
1147 1369 1359 1414 indicium
1413 1370 1617 1414 conditio
1672 1370 1807 1413 tertia

219 1439 342 1498 pacti
359 1438 622 1497 primigenii
640 1436 819 1497 prodit:
850 1437 1060 1482 cavendo
1074 1463 1118 1469 -
1135 1444 1181 1482 ut
1198 1437 1449 1481 vidimus—
1469 1443 1648 1497 septem
1665 1434 1810 1495 Capi-

217 1506 368 1549 taneis
398 1503 552 1563 ..quod
583 1505 688 1564 ipsi.
722 1518 747 1548 e
766 1510 779 1548 t.
807 1502 936 1549 silii
973 1520 997 1547 e
1017 1519 1123 1549 oru
1143 1519 1182 1548 m
1210 1519 1238 1548 n
1254 1519 1362 1564 unq
1381 1519 1509 1548 uam
1548 1519 1572 1548 a
1592 1503 1809 1549 Consi-

220 1571 339 1629 „lio
369 1571 572 1617 DuciS.
613 1570 941 1616 ethonore
968 1571 1166 1631 Regni
1208 1574 1448 1616 omnino
1488 1573 1810 1632 privaren-

220 1644 270 1689 „t
288 1653 314 1682 u
334 1640 403 1681 r.“
434 1637 613 1695 (vill.)
653 1637 741 1682 Per
767 1636 1127 1684 haereditarium
1154 1641 1309 1698 itaque
1338 1638 1535 1684 consilio
1563 1638 1706 1683 Ducis
1734 1639 1811 1683 in-

221 1704 517 1750 terveniendi
543 1703 771 1749 honorem
810 1705 880 1750 Pr
900 1708 971 1751 im
986 1721 1009 1750 a
1029 1713 1043 1751 t
1063 1709 1073 1751 i
1092 1706 1116 1751 b
1135 1720 1198 1751 us
1237 1706 1326 1751 illis
1346 1741 1359 1756 .,
1398 1721 1425 1767 p
1441 1721 1466 1751 o
1487 1712 1574 1751 ste
1592 1708 1681 1750 ris
1698 1720 1726 1765 q
1741 1719 1769 1749 u
1785 1719 1811 1749 e

219 1786 245 1816 e
263 1786 426 1817 orum
452 1787 478 1833 p
496 1773 583 1816 rin
602 1773 693 1832 cip
711 1772 835 1817 alib
853 1787 880 1817 u
898 1787 918 1817 s
938 1807 949 1820 ,
989 1775 1054 1818 uti
1081 1788 1165 1818 eos
1192 1774 1468 1834 Anonymus
1494 1780 1652 1826 vocat„
1679 1788 1706 1834 p
1721 1786 1811 1817 er-

219 1853 239 1883 s
260 1840 391 1885 onis
411 1873 424 1895 a
465 1839 675 1884 ordinem
710 1840 952 1899 quemdam
993 1843 1285 1901 superiorem
1324 1849 1369 1887 et
1396 1841 1618 1902 deinceps
1647 1853 1810 1885 asser—

219 1912 311 1951 tum
346 1905 493 1951 fuisse
520 1904 573 1963 ἦ)
594 1939 606 1961 .‚
647 1906 934 1951 sull'icienter
962 1907 1167 1967 adparet.

278 1985 330 2043 ⁸)
365 1985 486 2032 Quod
518 1985 670 2036 ipsum,
703 1987 761 2024 nti
791 1986 869 2024 rite
902 1992 1064 2025 notarat
1094 1987 1255 2039 Prayus
1279 1987 1335 2039 ⁰),
1367 1988 1609 2038 Anonymus
1636 1985 1735 2036 Cap.
1767 1986 1813 2024 5⁰

335 2042 487 2093 Operis
534 2043 600 2080 sui
649 2043 916 2093 sequentibus
963 2044 1179 2083 indicavit:
1228 2044 1359 2088 ..isti
1406 2045 1544 2083 enim
1591 2045 1812 2093 Septem

335 2097 711 2149 „Principaies
750 2098 1011 2138 Personae
1056 2107 1171 2140 erant
1203 2101 1307 2139 viri
1340 2113 1528 2152 genere
1561 2099 1814 2139 nobiles.“

333 2156 433 2195 Item
465 2154 760 2207 Thuroczyius
782 2155 826 2208 (ἱ)
861 2157 909 2194 de
943 2156 1182 2208 Capitaneis
1226 2158 1303 2196 nit:
1339 2158 1472 2205 „unde
1515 2157 1555 2195 in
1599 2156 1705 2208 ipsis
1737 2169 1814 2195 ve-

336 2211 502 2259 „nerari
525 2217 661 2262 potest
691 2224 868 2251 nomen
903 2213 1185 2265 dignitatis
1218 2214 1335 2265 plus
1367 2214 1518 2263 aliis,
1549 2219 1596 2254 et
1627 2219 1815 2266 poten-

338 2270 498 2318 ‚,tiae‚
528 2268 861 2308 Nobilitatis
895 2283 1018 2309 vero
1052 2272 1398 2323 aequaliter.“

919 2359 965 2414 ξ.
1012 2362 1120 2407 154.

661 2441 1081 2502 Caeterarzmeque
1123 2444 1378 2490 Classe'eme.

360 2538 422 2582 At
460 2549 634 2582 recens
677 2538 999 2585 constabilitae
1034 2541 1359 2599 Monarchiae,
1400 2540 1713 2601 subactaeque
1741 2539 1817 2585 di-

263 2650 295 2684 ·)
324 2649 416 2681 Anni
442 2649 543 2682 1608.
574 2652 602 2682 1.
628 2654 720 2691 post.
742 2651 872 2685 Coron.

264 2694 301 2735 b)
328 2696 394 2736 Op.
419 2705 515 2736 saep.
539 2696 598 2727 cit.
622 2698 658 2728 C.
683 2698 738 2730 38.

265 2741 298 2775 0)
325 2743 418 2774 nist.
446 2743 562 2783 flung.
579 2743 613 2775 in
639 2747 711 2776 not.
734 2753 854 2785 praev.
877 2745 945 2778 snb
978 2741 1009 2785 ³)
1037 2757 1068 2788 p.
1093 2749 1166 2780 [ΑΙ.

267 2787 302 2831 d)
331 2789 461 2823 Chron.
488 2789 525 2822 C.
551 2789 583 2822 9.
