1941 3143
191 71 286 117 100

189 180 347 240 „beati
370 179 497 226 Petri
521 180 733 227 lanceam
761 194 1153 240 coronamque
1178 182 1480 230 transmisit.“
1529 184 1650 231 Dein
1676 184 1784 232 for-

187 263 259 293 ma
308 262 614 305 coronarum,
655 262 773 309 quae
827 248 881 293 ab
927 254 1089 293 nostra
1140 247 1363 296 hodierna
1401 250 1698 314 discrepans,
1736 254 1783 298 in

187 315 401 362 divorum
427 317 608 376 Regum
634 315 810 375 Sigillis
833 349 846 371 ,
885 316 1078 375 picturis
1096 349 1109 372 ,
1148 320 1295 362 numis
1336 318 1580 365 observari
1607 326 1781 381 potest.

183 383 279 429 Sed
317 391 530 429 neutrum
558 385 712 442 magni
739 381 979 443 ponderis.
1020 381 1184 443 Neque
1227 387 1346 430 enim
1374 386 1619 443 Pontifex,
1660 401 1785 447 qno-

185 465 287 495 cum
315 453 618 510 caeteroquin
643 451 932 495 vetustiores
952 447 1218 511 Scriptores
1249 452 1556 511 Siegehertus
1598 454 1659 511 ³),
1687 455 1786 499 Ar-

186 517 385 577 nulphus
428 516 499 574 ¹¹),
540 516 812 562 Lamhertus
856 518 931 574 ⁶),
972 523 1018 562 et
1056 517 1304 564 Albericus
1347 518 1389 576 d)
1444 545 1512 551 ——
1562 527 1782 580 praeter-

184 587 327 628 missa
369 584 643 630 diadematis
682 586 920 629 mentione
958 609 1026 617 —-
1051 586 1097 630 in
1122 585 1285 631 lancea
1321 586 1635 632 tantummodo
1664 602 1785 633 con-

183 652 408 707 veniunt,
449 665 550 696 eam
589 654 763 713 ipsam,
804 666 893 711 qua
939 651 985 697 S.
1027 652 1289 714 Stephanus
1331 656 1632 713 inauguratus
1681 653 1783 709 fuit,

181 732 354 764 verum
381 721 605 778 generice
648 719 847 779 aliquam
875 732 1126 776 0010113111,
1165 720 1275 767 Sedi
1311 721 1618 781 Apostolicae
1646 720 1784 765 01113-

187 793 305 842 13111,
335 788 524 834 3550111.
553 794 599 832 01
625 789 708 832 vix
734 789 822 831 ista
847 786 927 831 vel
956 786 1158 832 submitti
1184 788 1375 832 Romam
1393 791 1558 847 potuit,
1586 794 1785 848 postea-

190 867 358 913 quam,
398 859 447 897 ut
491 852 758 898 Chronicon
798 856 996 913 patrium
1031 854 1168 899 tradit
1209 855 1277 911 e):
1329 854 1588 912 „Henricus
1626 868 1735 899 mox
1761 869 1786 898 a

188 922 347 979 „victo
405 919 508 964 Aba
544 921 728 966 Petrum
772 920 921 979 regali
964 918 1179 965 Coronae
1221 921 1431 981 plenarie
1470 923 1702 977 restituit,
1742 927 1789 966 et

194 989 375 1045 „sacris
416 989 630 1046 insigniis
670 988 715 1034 S.
744 987 890 1045 Regis
925 986 1149 1046 Stephani
1174 1002 1304 1032 111010
1339 990 1473 1047 regio
1501 987 1787 1043 decoratum,

197 1053 453 1113 „regaliter
493 1054 664 1099 sedere
703 1053 869 1097 fecit.“
909 1052 1132 1113 Alioquin
1172 1054 1371 1114 spolium
1399 1054 1546 1101 simile
1574 1054 1628 1100 ab
1654 1054 1788 1100 Hen-

191 1124 291 1166 rico
332 1121 694 1166 reconciliatore
729 1125 1077 1180 perpetratum,
1117 1121 1389 1167 incredibile
1430 1135 1625 1183 prorsus
1667 1136 1787 1166 eva-

189 1187 286 1245 dit,
328 1202 418 1248 quo
460 1202 555 1233 non
595 1187 652 1232 ad
676 1185 931 1249 placandos
956 1220 968 1243 ,
1006 1202 1170 1233 verum
1205 1188 1454 1234 irritandos
1493 1188 1651 1249 populi
1678 1189 1785 1234 Pri—

189 1269 347 1301 mores
389 1257 669 1315 praesertim
703 1254 967 1300 christianis
995 1255 1158 1300 ritibus
1200 1255 1441 1312 addictOS,
1481 1255 1593 1300 nihil
1619 1254 1788 1300 fuisset

193 1325 516 1383 opportunius.
557 1322 761 1368 Fuerant
798 1323 956 1380 utique
983 1321 1059 1366 illa
1086 1329 1238 1368 aetate
1256 1357 1269 1378 ,
1310 1330 1356 1368 et
1391 1325 1542 1368 serius
1594 1325 1788 1379 exteris,

192 1393 464 1449 nostrisque
503 1389 793 1450 Principibus
835 1387 1122 1434 domesticae
1159 1388 1406 1446 Coronae,
1444 1392 1578 1448 regio
1616 1392 1662 1434 in
1690 1389 1789 1434 Ga-

192 1456 529 1517 zophylaciore
560 1456 775 1502 conditae
791 1454 864 1512 Ὅ,
894 1457 1075 1514 qualem
1102 1456 1224 1501 forte
1253 1455 1428 1502 Caesar
1455 1458 1643 1517 pietatis
1671 1470 1786 1515 ergo

189 1523 404 1569 Pontifici
432 1523 666 1569 obtulerit.
695 1524 766 1568 De
792 1524 1004 1583 typariis.
1022 1526 1235 1584 picturiS,
1264 1526 1554 1584 nummisque
1580 1522 1624 1568 id
1650 1538 1789 1568 unum

189 1593 458 1637 meminisse
486 1591 747 1647 suffecerit,
776 1591 964 1637 variare
992 1593 1037 1635 in
1064 1590 1134 1635 his
1161 1592 1409 1649 imaginem
1438 1591 1654 1636 Coronae
1682 1597 1791 1635 tunc

191 1661 355 1715 etiam,
396 1673 533 1718 quum
558 1665 720 1704 nostra
744 1683 812 1692 —-
839 1658 953 1704 citra
995 1672 1178 1704 omnem
1217 1657 1550 1705 dubitationem
1574 1683 1642 1691 ——
1668 1656 1791 1702 domi

191 1725 368 1772 aderat.

247 1821 299 1874 '‘)
332 1821 611 1861 Domesticam
647 1821 855 1863 Coronam
888 1822 1001 1863 illam
1034 1824 1186 1874 dicunt,
1220 1836 1297 1876 qua
1326 1822 1460 1875 Reges
1493 1821 1604 1871 olim,
1630 1823 1789 1875 quando

303 1884 539 1918 exterorum
570 1879 752 1931 Legatos
787 1881 1069 1930 admittebant,
1100 1881 1165 1919 vel
1197 1883 1293 1920 dum
1328 1879 1535 1927 comitiis,
1566 1881 1790 1920 tribunali-

304 1935 461 1985 busque
510 1943 779 1986 praeessent‚
826 1943 895 1976 aut
941 1938 1045 1976 alias
1091 1937 1282 1976 solennes
1338 1936 1379 1974 in
1420 1936 1526 1974 solio
1560 1935 1790 1977 functiones

308 1992 500 2039 obibant,
548 2004 649 2030 usos
683 1993 815 2031 fuisse
848 1992 971 2045 vulgo
1004 1998 1185 2042 constat,
1230 1999 1268 2031 et
1298 1992 1419 2031 hodie
1452 1991 1596 2035 etiam,
1627 1994 1793 2032 tametsi

303 2046 390 2100 jam
422 2048 561 2086 rarius
605 2049 646 2086 id
689 2050 920 2101 contingat,
967 2050 1168 2088 interdum
1212 2055 1347 2088 tamen
1378 2048 1439 2088 uti
1470 2056 1791 2098 consveverunt3

308 2105 516 2144 diversam
548 2105 723 2156 proinde
756 2106 804 2145 ab
839 2119 898 2153 ea,
932 2119 1032 2157 quae
1066 2119 1227 2158 semper
1266 2104 1576 2157 inaugurationi
1607 2111 1792 2145 tantum-

305 2162 426 2200 modo
462 2162 749 2211 deserviebat,
782 2162 954 2214 indeque
987 2164 1150 2216 Regni
1182 2163 1432 2201 Diadema
1463 2162 1793 2213 compellata

306 2224 400 2257 est.
448 2218 509 2257 De
552 2225 840 2258 extraneorum
886 2219 1065 2259 Coronis
1108 2219 1345 2259 domesticis
1393 2217 1450 2257 nil
1496 2218 1605 2257 ultra
1649 2220 1794 2259 attinet

307 2275 525 2314 disserere.
573 2275 789 2315 Nostrates
831 2275 933 2316 tales
975 2277 1170 2316 habuisse
1214 2276 1394 2315 ostendit
1435 2275 1640 2315 Samuelis
1681 2276 1793 2315 Abae

311 2332 554 2383 exemplum,
589 2333 677 2384 qui
719 2333 1032 2373 Morissena
1065 2333 1213 2386 (hodie
1247 2331 1553 2383 Osanadinum)
1585 2332 1638 2371 in
1669 2334 1792 2372 sede

310 2388 470 2428 Festo
502 2389 797 2429 Paschatis
840 2403 1086 2430 coronam
1128 2390 1302 2442 capite
1334 2387 1573 2442 gestavit
1602 2388 1664 2440 s),
1695 2389 1792 2428 item

232 2492 264 2529 a)
292 2492 412 2533 Siegb.
436 2493 716 2525 Gemblacensis
744 2494 848 2526 Saec.
869 2496 929 2527 XI.
948 2496 1080 2537 Script.
1100 2495 1194 2537 apud
1224 2494 1354 2527 Pistor.
1371 2492 1461 2525 0011.
1491 2492 1722 2534 Scriptorum
1737 2503 1793 2526 10-

294 2548 371 2569 111111
394 2539 562 2571 German.
589 2540 628 2572 T.
649 2540 677 2571 1.
705 2550 735 2580 p.
757 2540 834 2572 833.

228 2583 264 2617 1³)
292 2585 423 2625 script.
449 2586 562 2625 ejusd.
584 2586 727 2619 Saecul.
753 2587 896 2618 Mediot.
919 2587 951 2619 in
986 2588 1119 2619 Murat.
1148 2587 1236 2618 Coll.
1267 2584 1396 2626 Script.
1424 2583 1502 2615 ltat.
1529 2584 1569 2617 T.
1594 2584 1654 2616 1V.
1680 2594 1711 2626 p.
1735 2585 1792 2618 22.

231 2630 264 2670 c)
291 2631 466 2663 Lambert.
507 2642 642 2672 parvus
673 2635 777 2666 Auct.
813 2633 952 2666 saecul.
980 2634 1057 2666 ΧΠ.
1092 2634 1194 2675 apud.
1220 2634 1326 2665 Mart.
1359 2631 1396 2664 C.
1428 2631 1578 2662 Durand
1605 2630 1695 2664 con.
1719 2633 1791 2665 vet.

296 2678 428 2718 Script.
449 2679 488 2708 Τ.
510 2678 549 2709 V.
570 2688 600 2719 p.
622 2679 651 2711 6.

233 2719 266 2756 fl)
294 2725 435 2758 saecul.
459 2721 549 2756 xm.
578 2734 631 2765 ap.
652 2724 830 2758 Leibnicz.
853 2725 886 2757 in
912 2727 1062 2758 Access.
1086 2725 1183 2758 Hist.

231 2768 264 2806 ⁰)
291 2771 472 2802 Thurocz.
498 2770 628 2802 0111011.
653 2772 690 2802 Ρ.
715 2773 757 2804 ΙΙ.
783 2771 820 2803 0.
843 2772 898 2804 37.

235 2813 264 2858 s)
291 2818 383 2850 Acta
408 2818 445 2852 S.
469 2817 509 2850 S.
531 2826 585 2859 ap.
614 2817 777 2851 Bolland.
804 2819 848 2852 ad
865 2818 921 2853 25.
944 2818 1044 2859 Sept.
1058 2817 1120 2852 Nr.
1146 2815 1255 2852 XVII.
