<?xml version="1.0" encoding="UTF-8"?>
<!DOCTYPE html PUBLIC "-//W3C//DTD XHTML 1.0 Transitional//EN"
    "http://www.w3.org/TR/xhtml1/DTD/xhtml1-transitional.dtd">
<html xmlns="http://www.w3.org/1999/xhtml" xml:lang="en" lang="en">
 <head>
  <title>
</title>
<meta http-equiv="Content-Type" content="text/html;charset=utf-8" />
  <meta name='ocr-system' content='tesseract 3.04.00' />
  <meta name='ocr-capabilities' content='ocr_page ocr_carea ocr_par ocr_line ocrx_word'/>
</head>
<body>
  <div class='ocr_page' id='page_1' title='image "./conspectusjurisp00czir_0249.png"; bbox 0 0 1941 3143; ppageno 0'>
   <div class='ocr_carea' id='block_1_1' title="bbox 1606 105 1698 152">
    <p class='ocr_par' dir='ltr' id='par_1_1' title="bbox 1606 105 1698 152">
     <span class='ocr_line' id='line_1_1' title="bbox 1606 105 1698 152; baseline 0 -1"><span class='ocrx_word' id='word_1_1' title='bbox 1606 105 1698 152; x_wconf 82' lang='lat'>197</span> 
     </span>
    </p>
   </div>
   <div class='ocr_carea' id='block_1_2' title="bbox 499 217 1312 360">
    <p class='ocr_par' dir='ltr' id='par_1_2' title="bbox 499 217 1312 360">
     <span class='ocr_line' id='line_1_2' title="bbox 813 217 1015 273; baseline 0 -11"><span class='ocrx_word' id='word_1_2' title='bbox 813 217 860 273; x_wconf 55' lang='grc' dir='ltr'>ᾗ.</span> <span class='ocrx_word' id='word_1_3' title='bbox 903 219 1015 265; x_wconf 78' lang='lat'><strong>274.</strong></span> 
     </span>
     <span class='ocr_line' id='line_1_3' title="bbox 499 300 1312 360; baseline -0.004 -11"><span class='ocrx_word' id='word_1_4' title='bbox 499 300 754 349; x_wconf 69' lang='lat' dir='ltr'>Nobilitas</span> <span class='ocrx_word' id='word_1_5' title='bbox 780 300 1034 360; x_wconf 77' lang='lat' dir='ltr'>quomodo</span> <span class='ocrx_word' id='word_1_6' title='bbox 1060 304 1273 347; x_wconf 72' lang='lat' dir='ltr'>intereat</span> <span class='ocrx_word' id='word_1_7' title='bbox 1290 304 1312 346; x_wconf 68' lang='grc' dir='ltr'>,ἓ</span> 
     </span>
    </p>
   </div>
   <div class='ocr_carea' id='block_1_3' title="bbox 113 382 1707 1969">
    <p class='ocr_par' dir='ltr' id='par_1_3' title="bbox 113 382 1704 1726">
     <span class='ocr_line' id='line_1_4' title="bbox 244 382 1696 441; baseline -0.001 -9"><span class='ocrx_word' id='word_1_8' title='bbox 244 385 433 433; x_wconf 87' lang='lat' dir='ltr'>Familia</span> <span class='ocrx_word' id='word_1_9' title='bbox 469 383 672 431; x_wconf 91' lang='lat' dir='ltr'>nondum</span> <span class='ocrx_word' id='word_1_10' title='bbox 722 386 980 441; x_wconf 69' lang='lat' dir='ltr'>exstincta,</span> <span class='ocrx_word' id='word_1_11' title='bbox 1034 390 1185 429; x_wconf 89' lang='lat' dir='ltr'>utrum</span> <span class='ocrx_word' id='word_1_12' title='bbox 1225 382 1455 429; x_wconf 77' lang='lat' dir='ltr'>Nobilitas</span> <span class='ocrx_word' id='word_1_13' title='bbox 1493 384 1696 430; x_wconf 85' lang='lat' dir='ltr'>intereat</span> 
     </span>
     <span class='ocr_line' id='line_1_5' title="bbox 115 450 1696 511; baseline -0.004 -9"><span class='ocrx_word' id='word_1_14' title='bbox 115 454 495 503; x_wconf 64' lang='lat' dir='ltr'>renunciatione„</span> <span class='ocrx_word' id='word_1_15' title='bbox 534 451 611 497; x_wconf 80' lang='lat' dir='ltr'>vel</span> <span class='ocrx_word' id='word_1_16' title='bbox 652 450 710 495; x_wconf 90' lang='lat' dir='ltr'>ob</span> <span class='ocrx_word' id='word_1_17' title='bbox 755 453 930 496; x_wconf 82' lang='lat' dir='ltr'>crimen</span> <span class='ocrx_word' id='word_1_18' title='bbox 969 451 1300 497; x_wconf 86' lang='lat' dir='ltr'>commissum?</span> <span class='ocrx_word' id='word_1_19' title='bbox 1346 450 1592 511; x_wconf 89' lang='lat' dir='ltr'>aliquando</span> <span class='ocrx_word' id='word_1_20' title='bbox 1620 451 1696 496; x_wconf 92' lang='lat' dir='ltr'>di-</span> 
     </span>
     <span class='ocr_line' id='line_1_6' title="bbox 118 517 1697 583; baseline -0.003 -15"><span class='ocrx_word' id='word_1_21' title='bbox 118 527 370 583; x_wconf 88' lang='lat' dir='ltr'>sceptatum</span> <span class='ocrx_word' id='word_1_22' title='bbox 408 520 555 566; x_wconf 86' lang='lat' dir='ltr'>fuisse</span> <span class='ocrx_word' id='word_1_23' title='bbox 594 517 834 564; x_wconf 88' lang='lat' dir='ltr'>recordor.</span> <span class='ocrx_word' id='word_1_24' title='bbox 885 518 1054 575; x_wconf 57' lang='lat' dir='ltr'>Erant„</span> <span class='ocrx_word' id='word_1_25' title='bbox 1095 520 1171 579; x_wconf 91' lang='lat' dir='ltr'>qui</span> <span class='ocrx_word' id='word_1_26' title='bbox 1207 518 1398 564; x_wconf 81' lang='lat' dir='ltr'>liberam</span> <span class='ocrx_word' id='word_1_27' title='bbox 1439 521 1697 564; x_wconf 84' lang='lat' dir='ltr'>renuncia-</span> 
     </span>
     <span class='ocr_line' id='line_1_7' title="bbox 117 584 1699 649; baseline -0.002 -14"><span class='ocrx_word' id='word_1_28' title='bbox 117 592 285 636; x_wconf 83' lang='lat' dir='ltr'>tionem</span> <span class='ocrx_word' id='word_1_29' title='bbox 312 589 461 635; x_wconf 90' lang='lat' dir='ltr'>Patris</span> <span class='ocrx_word' id='word_1_30' title='bbox 487 584 696 649; x_wconf 90' lang='lat' dir='ltr'>prolibus</span> <span class='ocrx_word' id='word_1_31' title='bbox 725 585 945 632; x_wconf 77' lang='lat' dir='ltr'>duntaxat</span> <span class='ocrx_word' id='word_1_32' title='bbox 972 588 1201 632; x_wconf 89' lang='lat' dir='ltr'>antenatis</span> <span class='ocrx_word' id='word_1_33' title='bbox 1229 586 1340 632; x_wconf 89' lang='lat' dir='ltr'>nihil</span> <span class='ocrx_word' id='word_1_34' title='bbox 1373 587 1582 644; x_wconf 70' lang='lat' dir='ltr'>officere,</span> <span class='ocrx_word' id='word_1_35' title='bbox 1609 587 1699 632; x_wconf 89' lang='lat' dir='ltr'>nisi</span> 
     </span>
     <span class='ocr_line' id='line_1_8' title="bbox 118 653 1698 718; baseline -0.003 -15"><span class='ocrx_word' id='word_1_36' title='bbox 118 660 317 704; x_wconf 81' lang='lat' dir='ltr'>scientes</span> <span class='ocrx_word' id='word_1_37' title='bbox 362 657 475 718; x_wconf 73' lang='lat' dir='ltr'>ipsi,</span> <span class='ocrx_word' id='word_1_38' title='bbox 524 653 838 714; x_wconf 89' lang='lat' dir='ltr'>volentesque</span> <span class='ocrx_word' id='word_1_39' title='bbox 881 656 1268 710; x_wconf 70' lang='lat' dir='ltr'>consensissent,</span> <span class='ocrx_word' id='word_1_40' title='bbox 1308 654 1445 715; x_wconf 84' lang='lat' dir='ltr'>idque</span> <span class='ocrx_word' id='word_1_41' title='bbox 1485 655 1631 714; x_wconf 90' lang='lat' dir='ltr'>magis</span> <span class='ocrx_word' id='word_1_42' title='bbox 1672 669 1698 699; x_wconf 91' lang='lat' dir='ltr'>e</span> 
     </span>
     <span class='ocr_line' id='line_1_9' title="bbox 118 720 1699 779; baseline -0.002 -8"><span class='ocrx_word' id='word_1_43' title='bbox 118 727 346 771; x_wconf 87' lang='lat' dir='ltr'>sententia</span> <span class='ocrx_word' id='word_1_44' title='bbox 374 730 639 770; x_wconf 85' lang='lat' dir='ltr'>exterorum</span> <span class='ocrx_word' id='word_1_45' title='bbox 665 720 1114 767; x_wconf 88' lang='lat' dir='ltr'>Jurisconsultorum</span> <span class='ocrx_word' id='word_1_46' title='bbox 1156 722 1196 779; x_wconf 73' lang='lat'>⁴⁴)</span> <span class='ocrx_word' id='word_1_47' title='bbox 1239 721 1559 767; x_wconf 79' lang='lat' dir='ltr'>defenderant.</span> <span class='ocrx_word' id='word_1_48' title='bbox 1608 722 1699 768; x_wconf 86' lang='lat' dir='ltr'>Ast·-</span> 
     </span>
     <span class='ocr_line' id='line_1_10' title="bbox 114 788 1699 853; baseline -0.003 -15"><span class='ocrx_word' id='word_1_49' title='bbox 114 792 219 838; x_wconf 90' lang='lat' dir='ltr'>mihi</span> <span class='ocrx_word' id='word_1_50' title='bbox 261 792 503 853; x_wconf 83' lang='lat' dir='ltr'>praevalet</span> <span class='ocrx_word' id='word_1_51' title='bbox 542 789 902 834; x_wconf 88' lang='lat' dir='ltr'>domesticorum</span> <span class='ocrx_word' id='word_1_52' title='bbox 949 791 1182 834; x_wconf 89' lang='lat' dir='ltr'>contraria</span> <span class='ocrx_word' id='word_1_53' title='bbox 1210 790 1366 850; x_wconf 90' lang='lat' dir='ltr'>opinio</span> <span class='ocrx_word' id='word_1_54' title='bbox 1411 788 1471 847; x_wconf 83' lang='lat'>¹’).</span> <span class='ocrx_word' id='word_1_55' title='bbox 1511 788 1699 834; x_wconf 87' lang='lat' dir='ltr'>Nobili-</span> 
     </span>
     <span class='ocr_line' id='line_1_11' title="bbox 115 856 1701 918; baseline -0.003 -13"><span class='ocrx_word' id='word_1_56' title='bbox 115 867 184 906; x_wconf 86' lang='lat' dir='ltr'>tas</span> <span class='ocrx_word' id='word_1_57' title='bbox 233 861 402 904; x_wconf 85' lang='lat' dir='ltr'>etenim</span> <span class='ocrx_word' id='word_1_58' title='bbox 436 858 512 915; x_wconf 89' lang='lat' dir='ltr'>jus</span> <span class='ocrx_word' id='word_1_59' title='bbox 552 856 802 918; x_wconf 91' lang='lat' dir='ltr'>personale</span> <span class='ocrx_word' id='word_1_60' title='bbox 853 856 1058 902; x_wconf 78' lang='lat' dir='ltr'>attribuit</span> <span class='ocrx_word' id='word_1_61' title='bbox 1096 871 1189 902; x_wconf 92' lang='lat' dir='ltr'>non</span> <span class='ocrx_word' id='word_1_62' title='bbox 1227 857 1491 918; x_wconf 87' lang='lat' dir='ltr'>impetranti</span> <span class='ocrx_word' id='word_1_63' title='bbox 1545 858 1701 915; x_wconf 70' lang='lat' dir='ltr'>unice,</span> 
     </span>
     <span class='ocr_line' id='line_1_12' title="bbox 115 923 1702 985; baseline -0.003 -12"><span class='ocrx_word' id='word_1_64' title='bbox 115 941 277 974; x_wconf 84' lang='lat' dir='ltr'>verum</span> <span class='ocrx_word' id='word_1_65' title='bbox 305 927 404 983; x_wconf 88' lang='lat' dir='ltr'>ejus</span> <span class='ocrx_word' id='word_1_66' title='bbox 434 927 571 970; x_wconf 84' lang='lat' dir='ltr'>etiam</span> <span class='ocrx_word' id='word_1_67' title='bbox 596 923 902 981; x_wconf 60' lang='lat' dir='ltr'>haeredIbus„</span> <span class='ocrx_word' id='word_1_68' title='bbox 943 937 1061 984; x_wconf 92' lang='lat' dir='ltr'>quos</span> <span class='ocrx_word' id='word_1_69' title='bbox 1088 925 1225 970; x_wconf 90' lang='lat' dir='ltr'>Pater</span> <span class='ocrx_word' id='word_1_70' title='bbox 1264 938 1324 970; x_wconf 90' lang='lat' dir='ltr'>ne</span> <span class='ocrx_word' id='word_1_71' title='bbox 1361 923 1565 970; x_wconf 88' lang='lat' dir='ltr'>realibus</span> <span class='ocrx_word' id='word_1_72' title='bbox 1593 926 1702 985; x_wconf 89' lang='lat' dir='ltr'>qui-</span> 
     </span>
     <span class='ocr_line' id='line_1_13' title="bbox 117 991 1700 1053; baseline -0.002 -13"><span class='ocrx_word' id='word_1_73' title='bbox 117 995 218 1040; x_wconf 80' lang='lat' dir='ltr'>dem</span> <span class='ocrx_word' id='word_1_74' title='bbox 258 995 393 1038; x_wconf 88' lang='lat' dir='ltr'>avitis</span> <span class='ocrx_word' id='word_1_75' title='bbox 433 991 610 1050; x_wconf 89' lang='lat' dir='ltr'>juribus</span> <span class='ocrx_word' id='word_1_76' title='bbox 651 1006 751 1036; x_wconf 90' lang='lat' dir='ltr'>cum</span> <span class='ocrx_word' id='word_1_77' title='bbox 788 991 1075 1051; x_wconf 87' lang='lat' dir='ltr'>praejudicio</span> <span class='ocrx_word' id='word_1_78' title='bbox 1117 994 1163 1037; x_wconf 91' lang='lat' dir='ltr'>in</span> <span class='ocrx_word' id='word_1_79' title='bbox 1198 998 1473 1053; x_wconf 88' lang='lat' dir='ltr'>perpetuum</span> <span class='ocrx_word' id='word_1_80' title='bbox 1510 994 1700 1053; x_wconf 88' lang='lat' dir='ltr'>privare</span> 
     </span>
     <span class='ocr_line' id='line_1_14' title="bbox 115 1057 1701 1122; baseline -0.001 -16"><span class='ocrx_word' id='word_1_81' title='bbox 115 1067 285 1122; x_wconf 87' lang='lat' dir='ltr'>potest.</span> <span class='ocrx_word' id='word_1_82' title='bbox 312 1086 380 1093; x_wconf 84' lang='lat'>—</span> <span class='ocrx_word' id='word_1_83' title='bbox 404 1059 498 1106; x_wconf 87' lang='lat' dir='ltr'>Sed</span> <span class='ocrx_word' id='word_1_84' title='bbox 525 1060 829 1118; x_wconf 84' lang='lat' dir='ltr'>emigratione</span> <span class='ocrx_word' id='word_1_85' title='bbox 855 1058 966 1103; x_wconf 87' lang='lat' dir='ltr'>Jura</span> <span class='ocrx_word' id='word_1_86' title='bbox 995 1057 1235 1116; x_wconf 62' lang='lat' dir='ltr'>Civitatis,</span> <span class='ocrx_word' id='word_1_87' title='bbox 1262 1058 1475 1120; x_wconf 87' lang='lat' dir='ltr'>adeoque</span> <span class='ocrx_word' id='word_1_88' title='bbox 1501 1061 1701 1105; x_wconf 88' lang='lat' dir='ltr'>Patriam</span> 
     </span>
     <span class='ocr_line' id='line_1_15' title="bbox 117 1125 1698 1183; baseline 0 -11"><span class='ocrx_word' id='word_1_89' title='bbox 117 1127 397 1183; x_wconf 65' lang='lat' dir='ltr'>deserendo7</span> <span class='ocrx_word' id='word_1_90' title='bbox 422 1127 603 1171; x_wconf 85' lang='lat' dir='ltr'>Patriae</span> <span class='ocrx_word' id='word_1_91' title='bbox 620 1125 919 1171; x_wconf 79' lang='lat' dir='ltr'>Nobilitatem</span> <span class='ocrx_word' id='word_1_92' title='bbox 947 1127 1107 1183; x_wconf 61' lang='lat' dir='ltr'>amitti7</span> <span class='ocrx_word' id='word_1_93' title='bbox 1131 1128 1290 1172; x_wconf 89' lang='lat' dir='ltr'>verius</span> <span class='ocrx_word' id='word_1_94' title='bbox 1318 1133 1404 1171; x_wconf 88' lang='lat' dir='ltr'>est.</span> <span class='ocrx_word' id='word_1_95' title='bbox 1432 1127 1502 1172; x_wconf 92' lang='lat' dir='ltr'>De</span> <span class='ocrx_word' id='word_1_96' title='bbox 1530 1127 1698 1172; x_wconf 86' lang='lat' dir='ltr'>effectu</span> 
     </span>
     <span class='ocr_line' id='line_1_16' title="bbox 114 1193 1704 1256; baseline 0 -17"><span class='ocrx_word' id='word_1_97' title='bbox 114 1194 294 1256; x_wconf 87' lang='lat' dir='ltr'>paterni</span> <span class='ocrx_word' id='word_1_98' title='bbox 322 1193 525 1237; x_wconf 90' lang='lat' dir='ltr'>criminis</span> <span class='ocrx_word' id='word_1_99' title='bbox 563 1196 746 1238; x_wconf 88' lang='lat' dir='ltr'>ratione</span> <span class='ocrx_word' id='word_1_100' title='bbox 789 1195 1093 1239; x_wconf 91' lang='lat' dir='ltr'>innocuorum</span> <span class='ocrx_word' id='word_1_101' title='bbox 1131 1193 1411 1251; x_wconf 69' lang='lat' dir='ltr'>liberorum,</span> <span class='ocrx_word' id='word_1_102' title='bbox 1460 1195 1584 1240; x_wconf 90' lang='lat' dir='ltr'>clara</span> <span class='ocrx_word' id='word_1_103' title='bbox 1630 1200 1704 1239; x_wconf 82' lang='lat' dir='ltr'>est</span> 
     </span>
     <span class='ocr_line' id='line_1_17' title="bbox 114 1259 1703 1320; baseline 0.001 -14"><span class='ocrx_word' id='word_1_104' title='bbox 114 1261 233 1320; x_wconf 86' lang='lat' dir='ltr'>legis</span> <span class='ocrx_word' id='word_1_105' title='bbox 287 1259 531 1320; x_wconf 85' lang='lat' dir='ltr'>dispositio</span> <span class='ocrx_word' id='word_1_106' title='bbox 575 1259 640 1318; x_wconf 65' lang='grc' dir='ltr'>Ἲς</span> <span class='ocrx_word' id='word_1_107' title='bbox 690 1274 808 1318; x_wconf 87' lang='lat' dir='ltr'>quae</span> <span class='ocrx_word' id='word_1_108' title='bbox 848 1262 1147 1306; x_wconf 88' lang='lat' dir='ltr'>amissionem</span> <span class='ocrx_word' id='word_1_109' title='bbox 1184 1261 1412 1307; x_wconf 91' lang='lat' dir='ltr'>bonorum</span> <span class='ocrx_word' id='word_1_110' title='bbox 1452 1261 1509 1307; x_wconf 89' lang='lat' dir='ltr'>ad</span> <span class='ocrx_word' id='word_1_111' title='bbox 1556 1268 1703 1307; x_wconf 86' lang='lat' dir='ltr'>ratam</span> 
     </span>
     <span class='ocr_line' id='line_1_18' title="bbox 116 1325 1702 1390; baseline 0 -15"><span class='ocrx_word' id='word_1_112' title='bbox 116 1329 264 1375; x_wconf 91' lang='lat' dir='ltr'>solum</span> <span class='ocrx_word' id='word_1_113' title='bbox 304 1325 615 1386; x_wconf 89' lang='lat' dir='ltr'>delinquentis</span> <span class='ocrx_word' id='word_1_114' title='bbox 667 1328 939 1386; x_wconf 63' lang='lat' dir='ltr'>restringit„</span> <span class='ocrx_word' id='word_1_115' title='bbox 991 1328 1112 1373; x_wconf 88' lang='lat' dir='ltr'>unde</span> <span class='ocrx_word' id='word_1_116' title='bbox 1151 1328 1326 1375; x_wconf 87' lang='lat' dir='ltr'>liberos</span> <span class='ocrx_word' id='word_1_117' title='bbox 1382 1343 1483 1373; x_wconf 90' lang='lat' dir='ltr'>cum</span> <span class='ocrx_word' id='word_1_118' title='bbox 1520 1329 1702 1390; x_wconf 88' lang='lat' dir='ltr'>reliqua</span> 
     </span>
     <span class='ocr_line' id='line_1_19' title="bbox 113 1393 1701 1455; baseline 0.001 -14"><span class='ocrx_word' id='word_1_119' title='bbox 113 1396 346 1441; x_wconf 92' lang='lat' dir='ltr'>Bonorum</span> <span class='ocrx_word' id='word_1_120' title='bbox 400 1395 629 1439; x_wconf 90' lang='lat' dir='ltr'>avitorum</span> <span class='ocrx_word' id='word_1_121' title='bbox 678 1400 810 1454; x_wconf 86' lang='lat' dir='ltr'>parte</span> <span class='ocrx_word' id='word_1_122' title='bbox 859 1393 1126 1440; x_wconf 87' lang='lat' dir='ltr'>Nobilitatis</span> <span class='ocrx_word' id='word_1_123' title='bbox 1173 1397 1426 1455; x_wconf 89' lang='lat' dir='ltr'>Privilegia</span> <span class='ocrx_word' id='word_1_124' title='bbox 1475 1399 1701 1455; x_wconf 75' lang='lat' dir='ltr'>retinere⁷</span> 
     </span>
     <span class='ocr_line' id='line_1_20' title="bbox 116 1461 1704 1524; baseline 0.001 -15"><span class='ocrx_word' id='word_1_125' title='bbox 116 1469 282 1524; x_wconf 91' lang='lat' dir='ltr'>sponte</span> <span class='ocrx_word' id='word_1_126' title='bbox 310 1463 626 1521; x_wconf 86' lang='lat' dir='ltr'>consequitur.</span> <span class='ocrx_word' id='word_1_127' title='bbox 657 1461 743 1516; x_wconf 86' lang='lat' dir='ltr'>Qui</span> <span class='ocrx_word' id='word_1_128' title='bbox 769 1475 886 1508; x_wconf 89' lang='lat' dir='ltr'>vero</span> <span class='ocrx_word' id='word_1_129' title='bbox 915 1465 1017 1523; x_wconf 89' lang='lat' dir='ltr'>ipse</span> <span class='ocrx_word' id='word_1_130' title='bbox 1045 1464 1220 1508; x_wconf 88' lang='lat' dir='ltr'>crimen</span> <span class='ocrx_word' id='word_1_131' title='bbox 1248 1465 1293 1508; x_wconf 93' lang='lat' dir='ltr'>in</span> <span class='ocrx_word' id='word_1_132' title='bbox 1319 1464 1573 1524; x_wconf 89' lang='lat' dir='ltr'>perniciem</span> <span class='ocrx_word' id='word_1_133' title='bbox 1602 1465 1704 1510; x_wconf 87' lang='lat' dir='ltr'>Re-</span> 
     </span>
     <span class='ocr_line' id='line_1_21' title="bbox 114 1528 1702 1591; baseline 0.001 -16"><span class='ocrx_word' id='word_1_134' title='bbox 114 1533 215 1591; x_wconf 46' lang='lat' dir='ltr'>gis2</span> <span class='ocrx_word' id='word_1_135' title='bbox 255 1536 331 1575; x_wconf 88' lang='lat' dir='ltr'>aut</span> <span class='ocrx_word' id='word_1_136' title='bbox 368 1529 551 1575; x_wconf 88' lang='lat' dir='ltr'>Patriae</span> <span class='ocrx_word' id='word_1_137' title='bbox 589 1528 821 1574; x_wconf 90' lang='lat' dir='ltr'>moliendo</span> <span class='ocrx_word' id='word_1_138' title='bbox 851 1531 1090 1576; x_wconf 87' lang='lat' dir='ltr'>committit</span> <span class='ocrx_word' id='word_1_139' title='bbox 1127 1528 1209 1591; x_wconf 38' lang='grc' dir='ltr'>ἦ),</span> <span class='ocrx_word' id='word_1_140' title='bbox 1249 1532 1403 1588; x_wconf 68' lang='lat' dir='ltr'>vitae7</span> <span class='ocrx_word' id='word_1_141' title='bbox 1443 1531 1702 1577; x_wconf 87' lang='lat' dir='ltr'>bonorum—</span> 
     </span>
     <span class='ocr_line' id='line_1_22' title="bbox 116 1596 1702 1663; baseline 0.001 -20"><span class='ocrx_word' id='word_1_142' title='bbox 116 1613 204 1659; x_wconf 90' lang='lat' dir='ltr'>que</span> <span class='ocrx_word' id='word_1_143' title='bbox 243 1599 541 1663; x_wconf 80' lang='lat' dir='ltr'>amissionem</span> <span class='ocrx_word' id='word_1_144' title='bbox 582 1597 771 1656; x_wconf 89' lang='lat' dir='ltr'>indigno</span> <span class='ocrx_word' id='word_1_145' title='bbox 816 1596 906 1642; x_wconf 89' lang='lat' dir='ltr'>hoc</span> <span class='ocrx_word' id='word_1_146' title='bbox 946 1604 1078 1643; x_wconf 87' lang='lat' dir='ltr'>reatu</span> <span class='ocrx_word' id='word_1_147' title='bbox 1104 1613 1189 1660; x_wconf 87' lang='lat' dir='ltr'>pro</span> <span class='ocrx_word' id='word_1_148' title='bbox 1229 1613 1382 1659; x_wconf 91' lang='lat' dir='ltr'>poena</span> <span class='ocrx_word' id='word_1_149' title='bbox 1409 1601 1602 1646; x_wconf 87' lang='lat' dir='ltr'>incurrit</span> <span class='ocrx_word' id='word_1_150' title='bbox 1644 1597 1702 1660; x_wconf 52' lang='grc' dir='ltr'>ἃ),</span> 
     </span>
     <span class='ocr_line' id='line_1_23' title="bbox 116 1665 1028 1726; baseline -0.002 -15"><span class='ocrx_word' id='word_1_151' title='bbox 116 1667 205 1711; x_wconf 88' lang='lat' dir='ltr'>nisi</span> <span class='ocrx_word' id='word_1_152' title='bbox 232 1668 381 1726; x_wconf 89' lang='lat' dir='ltr'>gratia</span> <span class='ocrx_word' id='word_1_153' title='bbox 408 1665 553 1724; x_wconf 86' lang='lat' dir='ltr'>Regis</span> <span class='ocrx_word' id='word_1_154' title='bbox 579 1666 765 1710; x_wconf 88' lang='lat' dir='ltr'>veniam</span> <span class='ocrx_word' id='word_1_155' title='bbox 791 1666 1028 1724; x_wconf 88' lang='lat' dir='ltr'>largiatur.</span> 
     </span>
    </p>

    <p class='ocr_par' dir='ltr' id='par_1_4' title="bbox 173 1743 1707 1969">
     <span class='ocr_line' id='line_1_24' title="bbox 173 1743 1704 1801; baseline 0.004 -19"><span class='ocrx_word' id='word_1_156' title='bbox 173 1747 224 1801; x_wconf 41' lang='grc' dir='ltr'>ἤ)</span> <span class='ocrx_word' id='word_1_157' title='bbox 259 1747 339 1784; x_wconf 88' lang='lat' dir='ltr'>Pro</span> <span class='ocrx_word' id='word_1_158' title='bbox 381 1746 465 1785; x_wconf 85' lang='lat' dir='ltr'>reis</span> <span class='ocrx_word' id='word_1_159' title='bbox 508 1744 641 1783; x_wconf 83' lang='lat' dir='ltr'>laesae</span> <span class='ocrx_word' id='word_1_160' title='bbox 682 1743 919 1797; x_wconf 83' lang='lat' dir='ltr'>Majestatis</span> <span class='ocrx_word' id='word_1_161' title='bbox 959 1745 1070 1798; x_wconf 83' lang='lat' dir='ltr'>leges</span> <span class='ocrx_word' id='word_1_162' title='bbox 1111 1746 1408 1797; x_wconf 85' lang='lat' dir='ltr'>pronunciant,</span> <span class='ocrx_word' id='word_1_163' title='bbox 1455 1747 1523 1799; x_wconf 89' lang='lat' dir='ltr'>qui</span> <span class='ocrx_word' id='word_1_164' title='bbox 1555 1747 1704 1800; x_wconf 84' lang='lat' dir='ltr'>impias</span> 
     </span>
     <span class='ocr_line' id='line_1_25' title="bbox 230 1801 1705 1858; baseline 0.002 -16"><span class='ocrx_word' id='word_1_165' title='bbox 230 1815 374 1842; x_wconf 85' lang='lat' dir='ltr'>manus</span> <span class='ocrx_word' id='word_1_166' title='bbox 408 1802 448 1841; x_wconf 90' lang='lat' dir='ltr'>in</span> <span class='ocrx_word' id='word_1_167' title='bbox 479 1801 703 1841; x_wconf 81' lang='lat' dir='ltr'>Personam</span> <span class='ocrx_word' id='word_1_168' title='bbox 734 1802 943 1854; x_wconf 82' lang='lat' dir='ltr'>Principis</span> <span class='ocrx_word' id='word_1_169' title='bbox 975 1802 1188 1857; x_wconf 88' lang='lat' dir='ltr'>injiciunt,</span> <span class='ocrx_word' id='word_1_170' title='bbox 1221 1804 1285 1842; x_wconf 90' lang='lat' dir='ltr'>vel</span> <span class='ocrx_word' id='word_1_171' title='bbox 1316 1803 1439 1857; x_wconf 86' lang='lat' dir='ltr'>capiti</span> <span class='ocrx_word' id='word_1_172' title='bbox 1470 1804 1574 1857; x_wconf 89' lang='lat' dir='ltr'>Ejus</span> <span class='ocrx_word' id='word_1_173' title='bbox 1609 1807 1705 1858; x_wconf 84' lang='lat' dir='ltr'>gla-</span> 
     </span>
     <span class='ocr_line' id='line_1_26' title="bbox 232 1858 1707 1913; baseline 0.003 -15"><span class='ocrx_word' id='word_1_174' title='bbox 232 1861 315 1908; x_wconf 85' lang='lat' dir='ltr'>dio,</span> <span class='ocrx_word' id='word_1_175' title='bbox 347 1864 416 1898; x_wconf 89' lang='lat' dir='ltr'>aut</span> <span class='ocrx_word' id='word_1_176' title='bbox 448 1871 601 1897; x_wconf 86' lang='lat' dir='ltr'>veneno</span> <span class='ocrx_word' id='word_1_177' title='bbox 634 1858 968 1907; x_wconf 81' lang='lat' dir='ltr'>insidiantur‚——-</span> <span class='ocrx_word' id='word_1_178' title='bbox 993 1861 1061 1911; x_wconf 88' lang='lat' dir='ltr'>qui</span> <span class='ocrx_word' id='word_1_179' title='bbox 1093 1861 1353 1900; x_wconf 86' lang='lat' dir='ltr'>traditionem</span> <span class='ocrx_word' id='word_1_180' title='bbox 1387 1862 1518 1913; x_wconf 84' lang='lat' dir='ltr'>Regni</span> <span class='ocrx_word' id='word_1_181' title='bbox 1550 1862 1707 1903; x_wconf 82' lang='lat' dir='ltr'>faciunt</span> 
     </span>
     <span class='ocr_line' id='line_1_27' title="bbox 232 1916 1704 1969; baseline 0.003 -15"><span class='ocrx_word' id='word_1_182' title='bbox 232 1939 283 1946; x_wconf 89' lang='lat'>—-</span> <span class='ocrx_word' id='word_1_183' title='bbox 317 1916 386 1967; x_wconf 89' lang='lat' dir='ltr'>qui</span> <span class='ocrx_word' id='word_1_184' title='bbox 417 1922 559 1954; x_wconf 87' lang='lat' dir='ltr'>contra</span> <span class='ocrx_word' id='word_1_185' title='bbox 590 1916 721 1967; x_wconf 80' lang='lat' dir='ltr'>Regni</span> <span class='ocrx_word' id='word_1_186' title='bbox 752 1916 952 1966; x_wconf 79' lang='lat' dir='ltr'>salutem,</span> <span class='ocrx_word' id='word_1_187' title='bbox 998 1923 1069 1957; x_wconf 87' lang='lat' dir='ltr'>aut</span> <span class='ocrx_word' id='word_1_188' title='bbox 1110 1918 1347 1969; x_wconf 81' lang='lat' dir='ltr'>dignitatem</span> <span class='ocrx_word' id='word_1_189' title='bbox 1381 1920 1621 1969; x_wconf 83' lang='lat' dir='ltr'>conspirant</span> <span class='ocrx_word' id='word_1_190' title='bbox 1653 1943 1704 1949; x_wconf 90' lang='lat'>—-</span> 
     </span>
    </p>
   </div>
   <div class='ocr_carea' id='block_1_4' title="bbox 229 1972 1703 2023">
    <p class='ocr_par' dir='ltr' id='par_1_5' title="bbox 229 1972 1703 2023">
     <span class='ocr_line' id='line_1_28' title="bbox 229 1972 1703 2023; baseline 0.002 -10"><span class='ocrx_word' id='word_1_191' title='bbox 229 1979 299 2013; x_wconf 81' lang='lat' dir='ltr'>aut</span> <span class='ocrx_word' id='word_1_192' title='bbox 330 1972 472 2011; x_wconf 84' lang='lat' dir='ltr'>saltem</span> <span class='ocrx_word' id='word_1_193' title='bbox 514 1973 754 2023; x_wconf 86' lang='lat' dir='ltr'>conspirare</span> <span class='ocrx_word' id='word_1_194' title='bbox 796 1978 996 2012; x_wconf 86' lang='lat' dir='ltr'>attentant</span> <span class='ocrx_word' id='word_1_195' title='bbox 1027 1996 1079 2002; x_wconf 75' lang='lat'>-</span> <span class='ocrx_word' id='word_1_196' title='bbox 1121 1975 1338 2014; x_wconf 79' lang='lat' dir='ltr'>attentanti</span> <span class='ocrx_word' id='word_1_197' title='bbox 1380 1975 1557 2015; x_wconf 82' lang='lat' dir='ltr'>scienter</span> <span class='ocrx_word' id='word_1_198' title='bbox 1601 1990 1703 2016; x_wconf 85' lang='lat' dir='ltr'>con—</span> 
     </span>
    </p>
   </div>
   <div class='ocr_carea' id='block_1_5' title="bbox 230 2028 1703 2141">
    <p class='ocr_par' dir='ltr' id='par_1_6' title="bbox 230 2028 1703 2141">
     <span class='ocr_line' id='line_1_29' title="bbox 230 2028 1703 2086; baseline 0.002 -16"><span class='ocrx_word' id='word_1_199' title='bbox 230 2030 410 2070; x_wconf 87' lang='lat' dir='ltr'>sentiunt</span> <span class='ocrx_word' id='word_1_200' title='bbox 442 2051 494 2058; x_wconf 83' lang='lat'>—</span> <span class='ocrx_word' id='word_1_201' title='bbox 529 2028 592 2067; x_wconf 88' lang='lat' dir='ltr'>vel</span> <span class='ocrx_word' id='word_1_202' title='bbox 623 2029 658 2067; x_wconf 85' lang='lat' dir='ltr'>si</span> <span class='ocrx_word' id='word_1_203' title='bbox 691 2029 782 2082; x_wconf 83' lang='lat' dir='ltr'>quis</span> <span class='ocrx_word' id='word_1_204' title='bbox 815 2028 1056 2083; x_wconf 88' lang='lat' dir='ltr'>hujusmodi</span> <span class='ocrx_word' id='word_1_205' title='bbox 1087 2030 1265 2082; x_wconf 85' lang='lat' dir='ltr'>aliquem</span> <span class='ocrx_word' id='word_1_206' title='bbox 1299 2032 1485 2082; x_wconf 82' lang='lat' dir='ltr'>noverit,</span> <span class='ocrx_word' id='word_1_207' title='bbox 1530 2037 1567 2072; x_wconf 84' lang='lat' dir='ltr'>et</span> <span class='ocrx_word' id='word_1_208' title='bbox 1599 2047 1703 2086; x_wconf 83' lang='lat' dir='ltr'>pro-</span> 
     </span>
     <span class='ocr_line' id='line_1_30' title="bbox 230 2085 984 2141; baseline 0.003 -15"><span class='ocrx_word' id='word_1_209' title='bbox 230 2087 327 2126; x_wconf 82' lang='lat' dir='ltr'>bare</span> <span class='ocrx_word' id='word_1_210' title='bbox 360 2085 516 2134; x_wconf 83' lang='lat' dir='ltr'>valens,</span> <span class='ocrx_word' id='word_1_211' title='bbox 548 2098 628 2124; x_wconf 93' lang='lat' dir='ltr'>non</span> <span class='ocrx_word' id='word_1_212' title='bbox 662 2086 907 2126; x_wconf 90' lang='lat' dir='ltr'>indicaverit</span> <span class='ocrx_word' id='word_1_213' title='bbox 928 2087 984 2141; x_wconf 85' lang='lat'>⁰).</span> 
     </span>
    </p>
   </div>
   <div class='ocr_carea' id='block_1_6' title="bbox 439 2188 1395 2491">
    <p class='ocr_par' dir='ltr' id='par_1_7' title="bbox 439 2188 1395 2491">
     <span class='ocr_line' id='line_1_31' title="bbox 736 2188 1095 2242; baseline 0 -11"><span class='ocrx_word' id='word_1_214' title='bbox 736 2188 948 2242; x_wconf 73' lang='lat' dir='ltr'>Caput</span> <span class='ocrx_word' id='word_1_215' title='bbox 979 2188 1095 2232; x_wconf 77' lang='lat' dir='ltr'>VI.</span> 
     </span>
     <span class='ocr_line' id='line_1_32' title="bbox 439 2257 1395 2329; baseline 0.003 -19"><span class='ocrx_word' id='word_1_216' title='bbox 439 2258 509 2310; x_wconf 84' lang='lat' dir='ltr'>De</span> <span class='ocrx_word' id='word_1_217' title='bbox 546 2257 762 2313; x_wconf 81' lang='lat' dir='ltr'>Liberis</span> <span class='ocrx_word' id='word_1_218' title='bbox 799 2260 1000 2329; x_wconf 78' lang='lat' dir='ltr'>Regiis</span> <span class='ocrx_word' id='word_1_219' title='bbox 1038 2260 1395 2315; x_wconf 78' lang='lat' dir='ltr'>Civitatibus,</span> 
     </span>
     <span class='ocr_line' id='line_1_33' title="bbox 807 2347 1007 2402; baseline 0.005 -11"><span class='ocrx_word' id='word_1_220' title='bbox 807 2347 854 2402; x_wconf 59' lang='grc' dir='ltr'>ἓ.</span> <span class='ocrx_word' id='word_1_221' title='bbox 895 2348 1007 2394; x_wconf 77' lang='grc'><strong>275.</strong></span> 
     </span>
     <span class='ocr_line' id='line_1_34' title="bbox 442 2428 1391 2491; baseline 0.006 -18"><span class='ocrx_word' id='word_1_222' title='bbox 442 2428 643 2475; x_wconf 76' lang='lat' dir='ltr'>Crbz&#39;nm</span> <span class='ocrx_word' id='word_1_223' title='bbox 679 2430 990 2477; x_wconf 75' lang='lat' dir='ltr'>Incunabula</span> <span class='ocrx_word' id='word_1_224' title='bbox 1027 2435 1078 2477; x_wconf 74' lang='lat' dir='ltr'>in</span> <span class='ocrx_word' id='word_1_225' title='bbox 1113 2433 1391 2491; x_wconf 70' lang='lat' dir='ltr'>Hunyccrz‘a.</span> 
     </span>
    </p>
   </div>
   <div class='ocr_carea' id='block_1_7' title="bbox 254 2524 1696 2596">
    <p class='ocr_par' dir='ltr' id='par_1_8' title="bbox 254 2524 1696 2596">
     <span class='ocr_line' id='line_1_35' title="bbox 254 2524 1696 2596; baseline 0.007 -27"><span class='ocrx_word' id='word_1_226' title='bbox 254 2524 302 2569; x_wconf 91' lang='lat' dir='ltr'>ln</span> <span class='ocrx_word' id='word_1_227' title='bbox 328 2525 536 2572; x_wconf 87' lang='lat' dir='ltr'>Partibus</span> <span class='ocrx_word' id='word_1_228' title='bbox 562 2526 844 2586; x_wconf 68' lang='lat' dir='ltr'>Hungariae‚</span> <span class='ocrx_word' id='word_1_229' title='bbox 872 2542 990 2589; x_wconf 90' lang='lat' dir='ltr'>quae</span> <span class='ocrx_word' id='word_1_230' title='bbox 1016 2528 1238 2578; x_wconf 88' lang='lat' dir='ltr'>Romanis</span> <span class='ocrx_word' id='word_1_231' title='bbox 1267 2533 1495 2594; x_wconf 89' lang='lat' dir='ltr'>quondam</span> <span class='ocrx_word' id='word_1_232' title='bbox 1520 2548 1696 2596; x_wconf 86' lang='lat' dir='ltr'>parue—</span> 
     </span>
    </p>
   </div>
   <div class='ocr_carea' id='block_1_8' title="bbox 158 2650 955 2690">
    <p class='ocr_par' dir='ltr' id='par_1_9' title="bbox 158 2650 955 2690">
     <span class='ocr_line' id='line_1_36' title="bbox 158 2650 955 2690; baseline 0.006 -6"><span class='ocrx_word' id='word_1_233' title='bbox 158 2653 187 2684; x_wconf 65' lang='grc'>”)</span> <span class='ocrx_word' id='word_1_234' title='bbox 218 2650 294 2683; x_wconf 64' lang='lat' dir='ltr'>vid.</span> <span class='ocrx_word' id='word_1_235' title='bbox 321 2651 539 2685; x_wconf 85' lang='lat' dir='ltr'>Eisenhardt</span> <span class='ocrx_word' id='word_1_236' title='bbox 565 2653 607 2687; x_wconf 91' lang='lat' dir='ltr'>de</span> <span class='ocrx_word' id='word_1_237' title='bbox 634 2655 786 2689; x_wconf 86' lang='lat' dir='ltr'>Renunt.</span> <span class='ocrx_word' id='word_1_238' title='bbox 813 2656 955 2690; x_wconf 79' lang='lat' dir='ltr'>Nobilit.</span> 
     </span>
    </p>
   </div>
   <div class='ocr_carea' id='block_1_9' title="bbox 155 2696 1031 2777">
    <p class='ocr_par' dir='ltr' id='par_1_10' title="bbox 155 2696 1031 2777">
     <span class='ocr_line' id='line_1_37' title="bbox 155 2696 1031 2777; baseline 0.013 -50"><span class='ocrx_word' id='word_1_239' title='bbox 155 2696 192 2775; x_wconf 41' lang='lat' dir='ltr'>b?</span> <span class='ocrx_word' id='word_1_240' title='bbox 216 2698 428 2777; x_wconf 55' lang='lat' dir='ltr'>ffggsitgssin</span> <span class='ocrx_word' id='word_1_241' title='bbox 454 2700 589 2733; x_wconf 84' lang='lat' dir='ltr'>noviss.</span> <span class='ocrx_word' id='word_1_242' title='bbox 614 2701 726 2734; x_wconf 84' lang='lat' dir='ltr'>Diaet.</span> <span class='ocrx_word' id='word_1_243' title='bbox 755 2711 785 2744; x_wconf 89' lang='lat' dir='ltr'>p.</span> <span class='ocrx_word' id='word_1_244' title='bbox 815 2704 868 2737; x_wconf 87' lang='lat'>19.</span> <span class='ocrx_word' id='word_1_245' title='bbox 896 2708 932 2737; x_wconf 86' lang='lat' dir='ltr'>et</span> <span class='ocrx_word' id='word_1_246' title='bbox 957 2712 1031 2748; x_wconf 87' lang='lat' dir='ltr'>seq.</span> 
     </span>
     <span class='ocr_line' id='line_1_38' title="bbox 160 2752 400 2776; baseline 0.008 -2"><span class='ocrx_word' id='word_1_247' title='bbox 160 2752 172 2765; x_wconf 52' lang='grc' dir='ltr'><em>ς</em></span> <span class='ocrx_word' id='word_1_248' title='bbox 244 2755 255 2775; x_wconf 86' lang='grc' dir='ltr'><strong><em>Ι</em></strong></span> <span class='ocrx_word' id='word_1_249' title='bbox 311 2770 316 2775; x_wconf 94' lang='grc'>.</span> <span class='ocrx_word' id='word_1_250' title='bbox 395 2770 400 2776; x_wconf 93' lang='grc'><em>.</em></span> 
     </span>
    </p>
   </div>
   <div class='ocr_carea' id='block_1_10' title="bbox 154 2788 1563 2885">
    <p class='ocr_par' dir='ltr' id='par_1_11' title="bbox 154 2788 1563 2885">
     <span class='ocr_line' id='line_1_39' title="bbox 155 2788 170 2811; baseline 0 0"><span class='ocrx_word' id='word_1_251' title='bbox 155 2788 170 2811; x_wconf 88' lang='lat' dir='ltr'>d</span> 
     </span>
     <span class='ocr_line' id='line_1_40' title="bbox 154 2791 1563 2885; baseline 0.006 -16"><span class='ocrx_word' id='word_1_252' title='bbox 154 2793 190 2877; x_wconf 61' lang='grc' dir='ltr'>η)</span> <span class='ocrx_word' id='word_1_253' title='bbox 208 2791 253 2869; x_wconf 56' lang='grc' dir='ltr'>ζ’</span> <span class='ocrx_word' id='word_1_254' title='bbox 270 2793 391 2880; x_wconf 53' lang='grc' dir='ltr'>ὲῖὲρῑιιιζ</span> <span class='ocrx_word' id='word_1_255' title='bbox 416 2792 503 2873; x_wconf 49' lang='lat' dir='ltr'>ife&#39;c.</span> <span class='ocrx_word' id='word_1_256' title='bbox 528 2840 564 2874; x_wconf 81' lang='lat' dir='ltr'>L.</span> <span class='ocrx_word' id='word_1_257' title='bbox 592 2841 623 2874; x_wconf 83' lang='lat'>2.</span> <span class='ocrx_word' id='word_1_258' title='bbox 651 2840 689 2875; x_wconf 83' lang='lat' dir='ltr'>e.</span> <span class='ocrx_word' id='word_1_259' title='bbox 714 2840 769 2876; x_wconf 84' lang='lat'>35.</span> <span class='ocrx_word' id='word_1_260' title='bbox 797 2846 833 2876; x_wconf 78' lang='lat' dir='ltr'>et</span> <span class='ocrx_word' id='word_1_261' title='bbox 858 2842 914 2877; x_wconf 84' lang='lat'>51.</span> <span class='ocrx_word' id='word_1_262' title='bbox 941 2862 984 2869; x_wconf 90' lang='lat'><em>-</em></span> <span class='ocrx_word' id='word_1_263' title='bbox 1010 2844 1048 2878; x_wconf 80' lang='grc' dir='ltr'>Ρ.</span> <span class='ocrx_word' id='word_1_264' title='bbox 1076 2844 1100 2877; x_wconf 93' lang='lat'>1.</span> <span class='ocrx_word' id='word_1_265' title='bbox 1127 2847 1165 2878; x_wconf 79' lang='lat' dir='ltr'>u.</span> <span class='ocrx_word' id='word_1_266' title='bbox 1193 2844 1247 2880; x_wconf 64' lang='lat'>14.</span> <span class='ocrx_word' id='word_1_267' title='bbox 1273 2849 1310 2879; x_wconf 77' lang='lat' dir='ltr'>et</span> <span class='ocrx_word' id='word_1_268' title='bbox 1335 2845 1424 2878; x_wconf 79' lang='lat' dir='ltr'>auae</span> <span class='ocrx_word' id='word_1_269' title='bbox 1452 2842 1563 2885; x_wconf 71' lang='lat' dir='ltr'>leges.v</span> 
     </span>
    </p>
   </div>
  </div>
 </body>
</html>
