1941 3143
161 105 222 150 72

157 214 415 262 inflictione
444 215 690 262 deterrens
719 216 821 262 aliis
849 214 1112 275 exemplum
1138 214 1453 278 praebendum
1481 215 1561 262 sit:
1591 215 1753 261 summi

160 284 389 344 PrIncipis
418 290 524 341 est‚
563 284 820 329 Judiciu
838 298 877 327 m
918 282 1267 330 Statarium
1304 284 1360 329 ad
1397 299 1528 330 usum
1555 295 1753 343 ponere,

156 351 443 413 promulgari
499 352 690 408 facere,
742 352 784 395 ei
825 349 1035 405 modum3
1086 366 1140 396 ac
1180 352 1371 398 formam
1412 349 1753 412 praescribere,

159 421 397 465 criminum
426 422 611 481 species
654 418 916 476 subjicere7
955 432 1010 462 ao
1037 427 1255 466 cessante
1297 419 1507 478 ejusdem
1534 420 1754 464 necessi-

158 494 281 544 tate,
329 490 429 534 siiie
469 503 557 548 qua
600 488 903 547 caeteroquin
954 485 1110 533 locum
1160 503 1390 550 nunquam
1439 487 1604 545 habet,
1643 485 1755 533 illud

157 557 325 603 iterum
352 556 674 616 exstingvere.

855 668 902 725 ς.
942 671 1056 717 440.

593 770 660 817 Et
688 770 913 816 Gratmm
938 770 1055 817 Rez's
1079 770 1320 830 faciendi.

299 866 635 923 Quaestionem
687 873 840 912 aetate
895 870 1149 913 recentiori
1206 870 1328 913 inter
1385 867 1758 912 Jurisconsultos

165 942 407 995 utramque
435 938 479 981 in
506 943 684 997 partem
712 934 1093 995 frequentissime
1132 935 1429 980 ventilatam:
1472 937 1592 979 sitne
1619 935 1759 979 Prin-

165 1005 257 1064 cipi
282 1005 513 1063 integrum
562 1003 844 1048 facinorosis
887 1002 943 1046 ad
979 1016 1177 1062 poenam
1218 1004 1380 1047 mortis
1421 1001 1757 1061 condemnat-is,

163 1073 290 1117 vitae
318 1074 513 1130 gratiam
554 1070 817 1130 impertiri?
854 1070 943 1115 Pro
981 1069 1114 1129 Rege
1154 1069 1419 1129 Hungariae
1458 1070 1592 1129 leges
1619 1072 1759 1130 posi-

167 1140 290 1185 tivae
333 1139 402 1195 ³)‚
443 1139 805 1198 continuumque
835 1139 1108 1182 exercitium
1131 1171 1143 1193 5
1182 1136 1308 1182 nullo
1336 1136 1637 1182 Monarchiae
1664 1152 1758 1182 no-

166 1213 291 1251 strae
347 1220 468 1252 aevo
513 1204 781 1261 dimissum,
836 1211 998 1265 aperte
1042 1205 1273 1250 decidunt.
1329 1204 1441 1250 Jure
1482 1206 1622 1263 igitur
1671 1219 1756 1250 suo

165 1273 287 1318 istud
324 1273 689 1334 prosequendo,
741 1272 1004 1334 capitalium
1042 1273 1387 1319 Sententiarum
1430 1274 1759 1318 executionem

165 1340 438 1402 suspendit,
478 1348 527 1387 nt
562 1341 772 1396 libratis,
813 1355 931 1402 quae
971 1340 1027 1385 ad
1062 1342 1258 1399 gratiam
1298 1339 1643 1386 concedendam
1681 1340 1759 1385 fa-

166 1412 314 1465 ciunt,
352 1410 570 1465 motivis„
608 1410 688 1456 vel
726 1408 845 1453 hanc
883 1410 1203 1469 impertiatur,
1252 1407 1331 1453 vel
1385 1411 1663 1454 sententiam
1713 1411 1759 1454 in

164 1477 379 1522 effectum
423 1476 551 1522 abire
580 1478 713 1522 sinat.
754 1474 918 1535 Neque
947 1479 1067 1521 enim
1088 1477 1243 1533 justus
1272 1475 1510 1536 Imperans
1540 1491 1600 1521 ex
1627 1491 1757 1522 mero

164 1541 301 1589 isthic
327 1543 518 1589 arbitrio
560 1542 775 1604 procedit
796 1577 808 1598 ,
845 1557 1010 1588 verum
1040 1558 1225 1605 semper
1267 1558 1290 1586 e
1319 1543 1408 1588 fine
1439 1544 1671 1600 civitatis3
1711 1550 1759 1590 et

167 1612 224 1656 ad
259 1611 565 1672 supplendam
604 1611 916 1671 legislationis
959 1611 1110 1658 civilis
1153 1610 1587 1672 imperfectionem,
1639 1626 1758 1670 quae

168 1682 212 1724 in
238 1678 378 1724 rebus
423 1679 633 1725 humanis
673 1680 841 1724 evitari
881 1681 1041 1740 nequit
1082 1679 1142 1736 b).
1182 1679 1435 1739 Potestque
1479 1678 1536 1723 oh
1564 1679 1757 1724 eandem

165 1748 395 1794 rationem
432 1748 479 1792 in
521 1746 768 1792 sententiis
810 1747 982 1803 etiam,
1023 1747 1218 1807 capitis,
1267 1746 1614 1792 mulctationem
1641 1746 1760 1791 haud

169 1814 478 1862 statuentibus
497 1849 509 1873 ‚
549 1814 764 1861 dictatam
791 1829 815 1859 a
842 1813 1007 1860 Judice
1034 1829 1236 1877 poenam
1263 1816 1492 1874 mitigare.

863 1950 912 2005 ὃ.
951 1951 1066 1995 441.

688 2048 747 2095 In
772 2061 826 2094 se
852 2047 1237 2109 comprehendit.

305 2148 429 2194 Nihil
456 2148 501 2194 in
529 2148 811 2193 contrarium
839 2154 1059 2193 moveant.
1086 2162 1363 2208 quemquam
1391 2148 1591 2206 articuli,
1621 2162 1762 2210 spar-

170 2219 254 2264 sim
294 2218 512 2262 Decretis
547 2217 723 2261 nostris
768 2218 984 2276 expressi
1028 2216 1101 2274 “”)ἢ
1153 2219 1228 2277 qui
1268 2231 1597 2277 nonnunquam
1638 2231 1761 2262 con—

170 2289 417 2331 stituerant
455 2284 534 2330 vel
571 2283 772 2344 relapsis
808 2284 1068 2340 1111631115ο
1107 2284 1185 2329 vel
1217 2284 1273 2329 ol)
1316 2287 1520 2330 criminis
1549 2287 1760 2330 enormi-

172 2362 312 2398 tatem
340 2354 535 2411 gratiam
561 2351 681 2396 haud
708 2365 817 2395 esse
844 2350 1159 2410 largiendamss„
1198 2367 1305 2398 nam·
1329 2359 1662 2412 temporaneae
1691 2355 1761 2397 si—

170 2422 302 2465 miles
342 2421 645 2480 provisiones
683 2443 753 2450 —-
791 2418 923 2477 Rege
965 2421 1026 2464 ita
1066 2419 1260 2465 volente
1298 2444 1366 2451 —-
1406 2435 1467 2465 ex
1507 2422 1761 2465 occasione

172 2488 475 2547 singularium
502 2492 754 2532 eventuum
781 2485 963 2546 legibus
1003 2487 1154 2548 palam
1196 2488 1505 2544 enunciatae„
1543 2487 1655 2545 Ejus
1684 2489 1762 2533 in-

174 2554 437 2617 disputabili
456 2587 468 2609 ,
507 2555 718 2613 nuspiam
745 2556 790 2598 in
818 2554 1003 2601 dubium
1030 2563 1204 2602 vocato
1233 2555 1522 2616 adgratiandi
1548 2555 1647 2601 Juri
1673 2556 1762 2602 de·-

177 2638 347 2682 rogare
375 2621 588 2667 absolute
616 2636 711 2667 non
736 2621 907 2668 valent.

211 2754 243 2785 ··)
270 2752 360 2784 vide
388 2760 406 2783 e
435 2750 595 2792 pluribus
624 2752 722 2783 1715.
750 2749 803 2782 48.

215 2808 250 2847 l³)
279 2809 381 2841 Cous.
407 2806 549 2848 zethan!
576 2805 721 2849 uursucrye
746 2805 820 2841 fiber
847 2804 1041 2849 «ingenium
1066 2806 1283 2854 &tumescent
1311 2820 1344 2853 p.
1370 2809 1449 2846 364.
1475 2815 1510 2846 et
1534 2821 1609 2854 seq.

216 2864 248 2907 c)
276 2863 378 2900 1492.
406 2866 462 2903 82.
486 2880 533 2886 -—
561 2866 661 2902 1563.
687 2864 742 2900 63.
769 2881 814 2887 —-
838 2865 940 2901 1655.
967 2866 1024 2899 26.
