1941 3143
204 116 292 161 124

194 224 420 271 historico
459 224 646 286 penitus
683 222 903 269 dimittam
937 222 1146 281 jejunum
1184 222 1439 278 recedere,
1481 221 1535 267 de
1576 222 1665 267 isto
1693 237 1785 282 ge-

193 308 308 339 nere
337 292 628 338 defensionis
648 327 659 348 ,
699 290 822 352 quod
850 289 1091 336 Nobilibus
1119 293 1393 353 praeprimis
1421 289 1642 345 incubuit,
1682 304 1785 334 ma-

193 363 266 421 gis
306 363 525 416 omnino,
577 374 695 420 quae
744 359 991 419 praeteriri
1030 366 1295 420 nequeunt,
1362 372 1494 420 quam
1537 371 1656 419 quae
1696 356 1785 405 dici

193 435 416 491 possent,
457 429 643 473 omnino
685 426 792 472 mibi
820 431 955 471 erunt
981 425 1280 487 proferenda,

252 525 300 578 ἦ)
334 525 537 577 Pergrave
570 522 726 562 scilicet
759 523 955 562 monitum
1000 523 1106 562 Filio
1140 525 1275 563 datum
1297 523 1365 576 ὃ);
1408 523 1620 572 „Quartus
1655 524 1787 564 Decor

308 580 567 633 „llegiminis
588 586 648 618 est
674 579 862 627 fidelium,
896 580 1110 629 fortitudo,
1133 581 1312 633 agilitas,
1340 582 1524 627 comitas,
1559 580 1787 622 Confiden-

307 639 392 686 „tia
423 637 685 688 Principum,
718 637 922 676 Baronum
966 637 1194 685 Comitum,
1229 638 1429 684 Militum,
1463 638 1685 678 Nobilium.
1721 637 1787 677 Illi

308 695 443 744 „enim
477 701 573 733 sunt
606 694 732 744 Regni
767 701 1113 746 propugnatores,
1147 694 1386 734 defensores
1413 695 1692 742 imbecillium,
1713 709 1788 733 ex-

311 757 594 803 .,pugnatores
639 752 999 796 adversariorum,
1049 758 1379 803 augmentatores
1428 752 1786 791 monarchiarum:

311 809 409 858 „llli
455 808 552 847 Tibi
600 807 679 846 Fili
726 809 801 847 mi!
850 808 934 847 sint
976 809 1143 854 Patres,
1187 815 1224 847 et
1266 808 1442 847 Fratres.
1498 808 1557 847 Ex
1592 809 1655 848 bis
1691 822 1788 847 vero

309 867 541 915 „neminem
576 865 616 904 in
650 865 889 904 servitutem
926 866 1114 918 redigas,
1142 865 1205 904 vel
1244 875 1410 904 servum
1453 866 1653 905 nomines.
1696 865 1789 904 llli

309 923 462 972 „Tibi
495 921 747 971 militent,
779 935 878 962 non
913 923 1196 962 serviant.“
1229 927 1303 961 eto.

226 995 305 1049 **)
341 994 421 1041 „Ut
454 1000 493 1033 et
525 1017 575 1022 ——
610 995 742 1046 inquit
779 994 937 1045 --Ipsi
971 992 1345 1044 (subintelligendo
1369 990 1566 1045 Nobiles)
1589 993 1791 1044 gaudeant

311 1064 416 1100 „sua
449 1051 650 1099 libertate,
683 1063 726 1090 ac
760 1058 930 1102 propter
961 1050 1035 1089 hoc
1066 1049 1214 1097 Nobis,
1247 1056 1284 1088 et
1318 1049 1639 1089 Successoribus
1671 1062 1788 1089 sem-

308 1121 410 1159 „per
441 1107 634 1218 existant)
652 1106 805 1156 fideles,
839 1113 877 1147 et
910 1107 1098 1147 Coronae
1131 1105 1282 1158 Regiae
1315 1106 1512 1158 obsequia
1541 1106 1677 1146 debita
1709 1119 1789 1146 non

310 1167 567 1218 „negentur“
640 1194 649 1205 .

890 1269 934 1325 ξ.
978 1269 1090 1316 530.

796 1368 864 1415 Et
888 1367 1165 1428 quotuplex
1179 1367 1203 1413 ?

335 1467 492 1514 Genus
541 1465 665 1513 istud
707 1466 896 1513 militiae
935 1466 1093 1528 plures
1138 1466 1324 1527 species
1376 1464 1603 1511 subaudit.
1655 1466 1790 1522 Quo-

195 1537 285 1582 ties
311 1535 547 1594 Hungaria
576 1536 798 1580 universa
825 1534 882 1579 ad
911 1549 1034 1579 arma
1064 1533 1287 1596 capienda
1328 1534 1644 1589 evocabatur,
1684 1549 1788 1595 ge-

196 1603 463 1650 neralis:
505 1602 609 1647 dum
648 1604 767 1663 parti
797 1602 948 1648 solum
974 1602 1144 1662 Regni,
1184 1602 1261 1648 vel
1302 1605 1540 1663 copiarum
1571 1601 1628 1647 ad
1658 1604 1791 1662 signa

198 1677 299 1717 erat
338 1669 712 1725 convolandum,
764 1670 1189 1731 particularis
1228 1669 1294 1715 In
1314 1672 1632 1715 surrectio
1672 1684 1791 1730 pro-

199 1739 290 1784 diit.
333 1738 645 1797 Distingvitur
684 1744 932 1797 praeterea
970 1739 1016 1782 in
1056 1736 1081 1782 b
1100 1752 1165 1782 an
1180 1737 1206 1782 d
1224 1752 1248 1782 e
1266 1753 1287 1782 r
1305 1740 1316 1783 i
1336 1737 1430 1782 ale
1447 1752 1489 1782 m
1510 1771 1523 1795 ,
1576 1752 1604 1799 p
1619 1752 1643 1782 e
1659 1752 1715 1782 rs
1733 1752 1792 1783 o-

196 1805 418 1861 nalem,
459 1811 505 1849 et
541 1820 568 1865 p
589 1819 614 1850 o
635 1804 870 1850 rtalem.
911 1805 1060 1850 Prima
1088 1819 1255 1864 agmen
1282 1804 1497 1865 designat
1524 1819 1549 1850 e
1575 1804 1790 1865 gentihus

193 1872 599 1928 Banderiatorum,
625 1872 770 1917 altera
799 1887 823 1917 e
850 1876 1184 1932 praerogativa
1212 1873 1448 1918 nobilitari
1474 1872 1787 1932 gaudentium,

195 1942 332 1986 tertia
360 1940 541 1985 demum
580 1954 605 1984 e
646 1941 794 1998 copiis
833 1954 917 1999 pro
957 1941 1140 1984 ratione
1183 1946 1420 1998 portarum
1464 1937 1789 1984 colonicaIIum

198 2007 460 2053 collectum.
500 2006 570 2050 De
598 2005 668 2050 his
689 2006 785 2062 Jam
813 2005 1023 2064 singulis.

891 2140 937 2195 §.
981 2140 1090 2185 531.

616 2239 990 2286 Banderz'orum
1026 2237 1366 2297 Etymoloqia.

332 2338 405 2385 Ab
431 2337 588 2384 italico
615 2336 849 2383 vocabulo
881 2336 983 2394 „Ba
1003 2337 1067 2382 nd
1086 2338 1172 2382 ier
1191 2336 1246 2382 a“
1271 2337 1492 2383 vexillum
1519 2336 1792 2395 denotante,

200 2407 420 2452 cohortes
447 2405 531 2451 sub
560 2404 777 2450 distincto
818 2404 1082 2462 hujusmodi
1125 2407 1260 2464 signo
1289 2405 1566 2450 militaturae
1602 2404 1793 2450 Bande-

197 2477 373 2521 riorum
400 2473 820 2518 denominationem
849 2479 1133 2518 consecutae
1162 2479 1267 2517 sunt
1281 2470 1350 2530 ⁸²⁶).
1370 2472 1444 2517 Ad
1472 2486 1634 2517 eorum
1661 2472 1791 2517 clas—

200 2556 297 2588 sem
326 2541 578 2599 antiquitus
607 2538 879 2599 spectabant
907 2547 1095 2600 praeter
1122 2540 1244 2585 illam
1271 2540 1433 2598 RegiS,
1453 2539 1508 2584 de
1537 2554 1624 2599 qua
1653 2554 1793 2601 supra

199 2610 412 2662 memini,
452 2606 759 2666 Reginaeque
781 2641 793 2663 ,
823 2613 868 2652 et
896 2608 1169 2653 officialium
1198 2607 1481 2667 Regiorum:
1512 2613 1688 2652 turmae
1716 2611 1794 2653 in-

202 2691 343 2739 super
383 2673 736 2731 Praelatorum,
777 2690 831 2720 ac
870 2675 1149 2721 secularium
1187 2675 1531 2736 Dynastarum,
1569 2676 1614 2720 in
1641 2689 1794 2736 qnan-

242 2820 274 2859 ὃ)
302 2821 386 2852 Dec.
413 2820 452 2852 L.
482 2822 511 2852 1.
537 2819 574 2853 C.
600 2817 633 2852 4.

242 2876 279 2921 h)
309 2878 409 2913 1222.
437 2877 476 2910 C.
502 2876 557 2911 31.
582 2874 612 2918 §.
643 2877 675 2910 1.
