1941 3143
173 72 270 119 204

171 197 325 245 neque
353 195 543 230 censum
569 180 750 242 regium
778 179 968 228 solvere
998 179 1344 243 obligabantur,
1382 182 1445 228 Αο
1493 183 1633 231 1791.
1657 183 1766 242 jure

174 266 359 314 quoque
388 249 603 311 suffragii
630 251 675 295 in
695 248 905 296 Comitiis
933 249 1089 309 Regni
1129 250 1170 309 ἃ)
1199 250 1354 296 donati
1381 257 1500 298 sunt.

870 379 917 435 ᾗ.
959 379 1071 427 290.

726 481 825 526 Pra
832 483 1044 526 eslatz‘on
1052 493 1208 539 esque.

313 595 400 641 Pro
430 594 531 639 istis
560 595 828 655 conspicuis
857 607 970 639 sane
999 592 1240 640 favoribus
1266 600 1455 655 praeter
1482 595 1772 641 insurectio-

177 678 282 710 nem
319 661 585 719 Nobiliuim
625 661 914 723 deposcente
958 661 1139 706 Patriae
1167 663 1448 719 securitate7
1489 677 1590 707 cum
1617 661 1770 708 Nobi—

178 733 306 778 litate
346 744 664 787 communem3
713 745 736 774 a
788 728 1133 776 contributione
1176 729 1231 775 dc
1272 729 1424 775 fundis
1450 731 1653 791 propriis
1681 744 1769 775 nec

176 807 313 846 antea
362 798 716 855 exiinel)a111u1·‚
774 796 1157 859 quemadmodum
1207 797 1508 843 honorarium
1560 797 1768 844 Palatino

178 870 324 914 inter
365 866 488 911 mille
531 867 717 923 aureis2
769 881 886 926 quae
922 880 1000 911 res
1043 871 1195 911 aetate
1249 864 1449 910 Mathiae
1493 863 1685 910 Corvini
1726 864 1770 923 ¹³)

172 937 320 997 primo
379 936 611 979 occurrit.
663 933 934 995 dependere
978 931 1189 978 obstricti
1236 931 1435 977 fuerant.
1491 931 1620 987 Quae
1652 932 1772 990 juris

176 1011 282 1049 sunt
316 1005 463 1062 magis
504 1003 704 1063 privati.
760 1001 965 1062 desuper
1003 999 1409 1046 Commentatores
1447 999 1583 1058 hujus
1625 999 1774 1046 disci—

179 1071 333 1132 plinae
360 1070 535 1116 utiliter
562 1068 869 1115 consulentur
913 1068 970 1126 ⁰).

880 1183 927 1239 ξ.
969 1183 1081 1230 291.

682 1281 878 1342 Oppida
913 1280 1286 1338 Hajdomcalsa.

318 1400 416 1447 Sex
458 1397 637 1460 Oppida
687 1394 1009 1454 Hajtionicalia
1063 1396 1108 1439 in
1166 1393 1394 1440 Comitatu
1447 1392 1781 1441 Szabolcsensi

183 1471 270 1516 sita
311 1466 523 1529 quidem,
564 1465 698 1523 hujils
740 1470 829 1508 tam
862 1461 1185 1508 Jurisdictioni
1228 1462 1347 1506 haud
1393 1462 1604 1520 subjecta
1630 1463 1765 1509 nobis

183 1537 258 1582 hic
298 1536 511 1597 proxime
551 1538 657 1578 sunt
698 1530 1102 1577 commemoranda
1128 1529 1193 1589 ζ’).
1233 1529 1404 1575 Eorum
1433 1532 1586 1589 origo.
1625 1531 1781 1591 prouti

183 1619 306 1651 nunc
340 1602 613 1657 subsistunt,
654 1614 678 1644 e
723 1598 1007 1660 temporibus
1050 1597 1273 1659 Stephani
1304 1597 1524 1658 Bocskay
1552 1597 1780 1658 Principis

183 1670 537 1718 Transilvaniae
573 1665 830 1728 repetenda
862 1667 992 1711 venit
1033 1664 1094 1723 Α),
1135 1664 1240 1710 huic
1269 1667 1389 1710 enim
1413 1665 1666 1726 Privilegia
1700 1679 1783 1709 sua

184 1742 230 1786 in
259 1738 465 1799 acceptis
497 1735 667 1791 ferunt5
708 1749 733 1779 a
769 1732 1015 1795 Rudolpho
1045 1747 1156 1778 mox
1198 1733 1258 1790 θ),
1299 1739 1345 1777 et
1382 1735 1570 1793 saepius
1611 1739 1780 1794 postea

184 1811 350 1854 iterata
391 1803 450 1863 Ἷ.
489 1806 578 1849 imo
613 1800 961 1862 inauguralibus
1007 1814 1193 1862 quoque
1233 1799 1572 1861 Diplomatibus
1614 1799 1787 1846 subse-

184 1876 418 1936 quentium
445 1870 732 1934 quorundam
763 1869 942 1929 Regum
985 1868 1047 1925 g),
1087 1883 1142 1913 ac
1166 1875 1456 1928 postremum
1481 1882 1566 1929 per
1610 1868 1781 1927 legem,

182 1945 245 1990 A⁰
292 1942 433 1988 1791.
463 1940 599 1984 latam
642 1937 705 1994 ¹¹),
734 1935 1058 1991 corroborata⁷
1099 1936 1166 1979 sic
1196 1940 1349 1979 tamen
1382 1934 1467 1978 hac
1495 1935 1777 1995 posteriori:

185 2017 265 2070 „ut
287 2010 363 2067 jus
393 2007 516 2053 Fisci
548 2006 685 2065 Regii
719 2018 801 2049 sua
832 2002 975 2062 legali
1004 2003 1079 2046 via
1111 2001 1527 2057 determinandunn
1566 2009 1704 2062 prout
1736 2008 1782 2047 et

187 2076 414 2139 „quaevis
454 2074 795 2133 obligationesff
833 2069 997 2116 iisdem
1037 2069 1244 2129 legitime
1290 2077 1395 2115 actu
1440 2069 1777 2126 incumbentes,

185 2150 407 2204 „servata
435 2148 564 2187 recta
587 2140 912 2203 proportione,
939 2139 985 2182 in
1002 2137 1136 2182 salvo
1151 2137 1416 2183 111a11ea11t.“
1448 2136 1577 2197 Lege
1606 2136 1770 2183 eadem

183 2213 267 2259 Jus
307 2224 492 2274 quoque
538 2207 748 2256 Comitiis
800 2204 1144 2252 interveniendi
1199 2219 1301 2252 cum
1348 2204 1605 2267 Jazygibus
1653 2218 1775 2251 con—

187 2282 338 2327 secuti
375 2283 494 2325 sunt.

227 2419 258 2457 a)
285 2421 383 2452 Conf.
409 2426 478 2454 act.
505 2421 630 2454 Comit.
659 2420 772 2461 ejusd.
799 2420 879 2452 anni
908 2423 944 2451 et
970 2419 1070 2452 1791.
1097 2421 1165 2451 art.
1193 2418 1247 2452 29.

225 2467 262 2508 l²)
290 2468 414 2507 Ejusd.
442 2470 527 2509 Reg.
555 2469 703 2500 Decret.
731 2467 773 2499 de
799 2466 867 2499 Off.
897 2466 1007 2499 Palat.
1037 2470 1104 2498 art.
1137 2467 1193 2498 11.

225 2515 259 2557 ⁰)
286 2514 456 2547 Kelemen
483 2516 563 2547 Jus.
599 2514 692 2555 priv.
720 2515 755 2546 L.
794 2517 822 2547 1.
852 2524 884 2555 p.
911 2514 990 2547 307.
1018 2513 1244 2546 Szlemenics
1271 2512 1309 2545 L.
1338 2513 1368 2545 1.
1395 2521 1426 2553 p.
1454 2509 1531 2544 129.
1557 2510 1688 2552 aliique
1713 2509 1784 2542 hu-

289 2562 350 2602 jus
378 2561 502 2603 discip.
530 2564 636 2593 Auct.

227 2606 262 2645 d)
289 2605 451 2649 tstvanfy
477 2608 571 2641 Hist.
599 2610 636 2640 L.
665 2608 719 2641 33.
744 2608 784 2640 ad
812 2617 943 2640 annum
971 2604 1075 2640 1604.
1104 2611 1139 2639 et
1165 2616 1239 2649 seq.

227 2655 260 2696 θ)
288 2655 397 2687 Pacis.
425 2654 554 2687 Vienn.
582 2656 623 2687 ad
653 2654 705 2688 1'4.
732 2653 760 2695 §-
788 2656 822 2687 2.

230 2702 269 2744 1)
295 2702 377 2734 Per.
409 2702 488 2735 Car.
516 2702 587 2742 W„
615 2703 704 2735 Mar.
733 2702 896 2741 Theres„
921 2701 1030 2742 Leop.
1058 2701 1098 2732 11.
1126 2704 1162 2734 et
1181 2697 1439 2741 Franc.,Cons.
1465 2700 1531 2731 act..
1557 2696 1674 2730 Diaet.
1692 2695 1779 2729 Anni

233 2794 276 2886 ὦ)
298 2748 411 2877 geg?
425 2749 778 2877 {3318i'1e65t53e‘i5e0
803 2795 930 2828 insert.
958 2792 1067 2827 cond.
1095 2792 1148 2826 16.

325 2853 337 2877 Ι
390 2864 398 2874 0
474 2865 482 2875 1
