1941 3143
1584 92 1680 139 203

97 212 280 267 tigerat.
321 206 534 266 quoniam
574 205 675 249 sine
714 204 894 264 publica
930 207 1111 264 jactura
1146 203 1366 259 fierivix
1403 211 1592 264 potest,
1630 210 1680 250 ut

95 276 390 334 negotiorum
430 272 714 334 publicorum
768 276 980 318 tractatio
1023 276 1410 332 interrumpatur,
1464 269 1673 317 Consilio

94 343 226 400 regio
257 341 539 385 continuatiO
577 339 862 396 agendorum
888 355 972 400 per
1008 340 1266 386 mandatum
1294 337 1500 398 speciale
1529 353 1678 382 excr-

93 409 238 454 cenda
265 408 438 452 comitti
466 404 658 450 solebat.
685 405 829 464 Regis
858 410 1026 468 quippe
1054 407 1259 452 absentis
1287 406 1507 451 duntaxat
1534 419 1674 449 causa

92 478 345 521 institutum
382 479 470 529 est,
523 486 672 532 eoque
712 486 888 533 scopo,
939 480 989 518 ut
1027 481 1181 529 esset,
1231 475 1307 534 qui
1348 471 1449 529 ejus
1490 473 1676 517 nomine

90 545 385 602 negotiorum
421 554 574 584 curam
613 546 815 598 gereret.
854 538 1048 588 Prossuit
1086 541 1282 602 proinde
1322 539 1440 586 haec
1481 539 1677 601 dispen-

93 612 210 656 satio
251 623 311 655 ex
346 614 508 654 natura
544 606 970 654 Locumtenentiae.

783 774 828 831 ὃ.
870 773 983 820 670.

470 890 677 935 Inter-na
716 887 933 944 ejusdem
971 887 1308 935 coordz‘natz‘o.

223 1004 452 1058 Quantum
491 1001 546 1046 ad
582 1003 813 1047 internum
851 1002 1029 1048 Statum
1067 1003 1342 1047 constiterat
1380 1026 1442 1035 -—
1477 1001 1583 1061 lege
1617 1003 1678 1047 ita

88 1070 337 1116 definiente
364 1095 431 1102 —
459 1068 751 1115 Consiliariis
777 1071 941 1130 viginti
969 1068 1146 1115 duobus
1164 1104 1176 1126 ,
1216 1084 1241 1115 e
1272 1068 1404 1115 Statu
1428 1068 1676 1114 Praelato-

88 1153 201 1194 rum,
239 1136 529 1196 Magnatum,
568 1143 613 1181 et
651 1136 885 1182 Nobilium
926 1151 986 1183 ex
1026 1135 1236 1182 omnihus
1272 1135 1426 1195 Regni
1451 1135 1676 1197 partibus,

89 1207 189 1252 sine
214 1204 459 1263 religIOnis
487 1203 752 1249 discrimine
781 1204 994 1261 delectis,
1022 1203 1320 1265 praesidebat
1339 1203 1573 1249 Palatinus
1616 1203 1675 1261 ³),

88 1287 176 1333 qua
201 1271 379 1331 Regius
408 1270 778 1327 Locumtenens3
819 1271 956 1317 sedes
985 1272 1087 1329 ejus
1113 1271 1305 1317 Posonii
1333 1273 1478 1332 prius,
1505 1277 1674 1332 postea

87 1338 214 1384 Buda
241 1345 351 1383 erat.
392 1337 650 1383 Duodecim
689 1338 896 1384 adininus
934 1337 1200 1384 Consiliarii
1237 1339 1476 1384 Praesidio
1505 1339 1673 1384 adesse

88 1406 342 1452 debuerant
382 1404 443 1463 ¹³),
482 1419 617 1465 quos,
648 1407 714 1451 uti
741 1412 787 1450 et
812 1406 1107 1452 Directorem
1133 1404 1468 1464 cancellariae,
1498 1404 1675 1452 Cassa-

85 1488 184 1518 rum
209 1473 606 1518 Fundationalium
630 1472 939 1531 Praefectum,
966 1475 1075 1518 item
1097 1473 1415 1535 Superiorem,
1445 1479 1491 1518 et
1516 1474 1666 1519 Vice-

86 1541 379 1586 Directorem
405 1539 809 1587 Commissariatus
836 1541 1168 1599 Provincialis,
1208 1540 1502 1588 Secretarios
1531 1540 1670 1586 deni—

86 1622 174 1668 que
222 1608 278 1653 ad
322 1610 559 1669 praeviam
601 1607 793 1655 Consilii
832 1611 1290 1670 praesentationem,
1326 1608 1457 1655 velut
1494 1608 1674 1668 Regiae

85 1675 346 1734 Majestatis
384 1678 689 1721 nominationi
727 1683 1001 1733 reservata,
1038 1677 1145 1722 Rex
1168 1679 1298 1737 ipse,
1339 1682 1528 1721 caetera
1552 1690 1669 1721 vero

86 1743 327 1789 Individua
369 1743 672 1804 conceptibus
711 1743 1073 1800 concinnandis,
1114 1758 1168 1788 ac
1206 1742 1555 1799 describendiS,
1595 1742 1675 1790 vel

85 1810 340 1855 rationibus
366 1810 653 1866 revidendis,
693 1817 769 1855 aut
795 1814 909 1856 actis
937 1810 1256 1868 asservandiS,
1294 1812 1434 1871 inque
1463 1809 1671 1856 ordinem

86 1877 352 1937 redigendis
403 1876 617 1938 adplicita
657 1878 967 1924 DIcasterium
1020 1886 1240 1924 votorum
1280 1878 1543 1939 pluralitate
1584 1893 1669 1939 pro

87 1944 300 1990 attributa
327 1950 561 2006 potestate
589 1945 900 1990 constituebat
938 1946 995 2003 ⁰).
1035 1945 1106 1991 Ab
1132 1946 1203 1991 his
1232 1943 1553 1991 Commembra
1583 1946 1672 1991 ad-

88 2010 174 2054 huc
201 2014 365 2072 excipe
394 2011 594 2072 Collegii
619 2012 831 2058 litterarii
859 2013 1053 2074 duplicis
1081 2013 1273 2071 ordinis,
1312 2013 1487 2059 tardius
1517 2016 1673 2059 intro-

89 2077 238 2133 ducti,
276 2093 469 2139 quorum
508 2094 646 2124 unum
686 2080 954 2139 gremialem
992 2080 1257 2127 Studiorum
1285 2079 1672 2128 Commissionem

87 2147 324 2190 nominare
372 2146 557 2206 placuit.
634 2147 943 2194 Revisoratus
994 2147 1204 2193 Officium
1257 2148 1481 2205 alterum,
1543 2149 1675 2194 velut

85 2214 312 2258 revisioni
352 2213 570 2259 librorum
609 2222 907 2276 occupatum,
946 2215 1130 2260 illorum
1170 2229 1366 2276 namque
1394 2215 1673 2262 denomina-

87 2281 261 2325 tionem
282 2281 521 2344 Principes
555 2282 640 2328 sibi
665 2284 841 2344 pariter
866 2285 1173 2328 retinuerunt.

122 2739 153 2768 ³)
185 2735 282 2765 1723.
317 2735 370 2766 97.
402 2754 443 2758 -
473 2732 572 2766 1741.
603 2735 655 2767 1¹.
681 2734 708 2776 ᾗ
737 2738 768 2769 6.
796 2741 861 2770 etc.

122 2790 156 2829 b)
184 2792 292 2822 Modo
320 2792 378 2823 cit.
405 2792 503 2823 1723.
530 2793 585 2824 97.
612 2791 641 2832 5.
668 2791 699 2825 4.

123 2850 152 2888 c)
184 2849 259 2881 vid.
288 2850 387 2883 1723.
413 2850 467 2882 98.
496 2853 532 2883 et
558 2850 635 2884 100.
663 2859 703 2883 ac
729 2851 902 2884 Instruct-
930 2853 992 2885 cit.
