1941 3143
227 124 322 172 146

222 246 351 286 turas
393 236 465 297 ῦς
505 254 698 302 cumque
734 240 870 300 hujus
910 240 1167 288 sanctionis
1197 238 1243 287 in
1283 240 1533 290 obversum
1571 250 1680 306 post
1717 257 1811 289 non

223 305 341 352 adeo
377 307 564 368 longam
606 308 1002 370 intercapedinem
1033 309 1320 369 Regnicolae
1367 315 1596 357 aerarium
1632 313 1812 372 regium

222 374 278 419 ad
320 389 539 421 summam
584 383 841 436 egestatem
883 376 1123 423 reductum
1158 378 1600 436 animadverterent,
1638 381 1707 424 rei
1736 380 1814 424 in-

222 442 445 502 dignitate
496 447 747 501 commoti,
798 460 918 491 anno
960 445 1105 491 seculi
1140 443 1303 489 decimi
1343 449 1462 492 sexti
1507 454 1671 507 quarto
1726 446 1815 491 de-

222 512 338 556 cimo
383 510 426 568 ¹¹)
469 514 842 569 constituerunt3
893 520 941 558 ut
990 514 1199 560 universi
1236 520 1493 573 proventus
1540 516 1688 573 regii,
1739 513 1817 573 qui

221 579 432 638 pignoris
455 579 561 635 jure
593 594 616 623 a
655 581 851 640 privatis
887 580 1264 640 possidebantur,
1318 580 1564 627 confestim
1605 580 1817 635 redeant,

219 658 372 705 neque
400 646 444 689 in
471 653 713 706 posterum
738 674 806 679 —-
829 647 1138 709 qualicunque
1166 650 1450 693 necessitate
1479 649 1818 709 adurgente—

220 712 321 757 sine
385 726 662 773 consensu,
716 730 771 760 ac
819 715 1156 762 deliberatione
1210 717 1328 774 regii
1381 715 1573 762 Consilii
1623 716 1816 762 alienari

218 778 425 825 valeant.
482 806 485 807 ν

273 877 323 930 ³¹²)
358 875 585 929 Colligitur
617 879 728 918 istud
762 903 813 907 —
850 885 891 919 ut
924 886 1076 919 taceam
1111 880 1282 930 reliqua,
1315 892 1417 930 quae
1450 892 1492 918 se
1526 880 1626 918 mibi
1661 881 1701 919 in
1733 893 1815 920 rem

334 933 670 984 frequentissima
712 938 892 976 offerunt
923 960 976 966 -—
1011 937 1074 975 vel
1117 950 1163 975 cx
1210 937 1282 974 illo
1326 936 1516 974 Andreae
1549 936 1599 975 11.
1644 937 1816 974 Decreto

331 990 459 1029 altero
485 991 526 1044 e)
560 992 600 1031 in
644 993 720 1032 hoc
751 1007 874 1044 opere
919 1006 1117 1044 persaepe
1163 996 1412 1043 provocato,
1458 992 1498 1030 in
1544 1005 1622 1042 qno
1655 998 1818 1043 praeter

332 1047 487 1087 tributa
528 1050 659 1088 duae
702 1057 887 1100 partes
930 1055 1227 1089 castrorum
1272 1049 1330 1086 ad
1364 1048 1530 1099 Regis
1563 1048 1816 1089 volunta-

331 1109 457 1151 tem,
490 1105 571 1144 cui
606 1106 775 1152 volet,
809 1106 1227 1145 distribuendae
1264 1111 1515 1146 statuuntur.
1550 1105 1690 1157 Neque
1730 1106 1815 1145 im-

332 1161 526 1199 morabor
558 1162 722 1213 prolixo
755 1163 850 1202 huic
882 1162 1049 1204 themati
1082 1164 1216 1202 denuo
1249 1162 1523 1210 illustrando3
1565 1169 1736 1214 egerunt
1768 1163 1817 1201 de

330 1217 522 1266 Juribus,
554 1220 908 1272 proventibusque
937 1226 1166 1260 castrorum
1192 1220 1398 1269 regiorum
1423 1224 1516 1270 post
1540 1220 1818 1272 Anonymum,

330 1274 510 1322 Kesam,
542 1276 844 1317 Thuroczium:
878 1278 1049 1325 Kollar,
1081 1277 1206 1329 Pray,
1237 1277 1391 1324 Palma,
1423 1276 1675 1325 Kovachich,
1709 1276 1817 1315 Bar-

328 1330 398 1379 tal‚
432 1332 500 1382 qui
533 1334 844 1374 vetustissimos
879 1340 1153 1386 proventuum
1188 1334 1320 1373 fontes
1349 1345 1429 1372 non
1451 1334 1570 1372 modo
1597 1334 1812 1385 speciatim

328 1400 555 1438 recensere,
590 1392 662 1429 sed
694 1393 855 1431 erudite
887 1392 1007 1431 etiam
1051 1391 1263 1431 illustrare
1296 1390 1399 1430 nulli
1434 1391 1816 1441 praetermiserunt,

330 1445 563 1497 complures
608 1448 781 1500 denique
824 1448 866 1488 in
900 1448 1095 1500 operibus
1142 1448 1319 1500 sparsim
1354 1460 1375 1486 a
1407 1447 1526 1486 nobis
1560 1448 1813 1487 memoratis.

246 1516 325 1569 ss)
360 1517 594 1567 „Volumus
628 1520 788 1570 quidem
814 1544 860 1549 ——
888 1521 1013 1560 verba
1045 1526 1140 1560 sunt
1172 1520 1213 1559 in
1246 1519 1375 1559 Libro
1402 1518 1669 1558 Decretorum
1692 1517 1814 1572 ejus-

333 1575 453 1624 „dem
498 1575 550 1615 11.
584 1577 716 1627 capite
748 1577 787 1617 6.
820 1584 1009 1617 contenta
1040 1600 1092 1606 —-
1126 1584 1169 1616 ut
1214 1577 1322 1616 sicut
1364 1576 1537 1616 caeteris
1581 1575 1815 1615 facultatem

334 1631 551 1680 „dedimus
584 1633 823 1673 dominandi
867 1647 1035 1674 suarum
1068 1647 1231 1682 rerum,
1274 1634 1331 1672 ita
1363 1634 1482 1672 etiam
1515 1645 1608 1681 reS,
1651 1633 1817 1682 milites,

333 1688 500 1738 ‚‚servi,
542 1695 580 1728 et
613 1691 810 1741 quidquid
857 1692 913 1730 ad
947 1696 1185 1730 nostram
1230 1689 1463 1742 regalem
1497 1690 1815 1741 dignitatem

333 1745 630 1796 ,‚pertinet,
673 1760 912 1798 permanere
957 1749 1074 1787 debet
1115 1747 1346 1795 immobile,
1393 1753 1486 1786 eta
1528 1747 1687 1786 nemine
1720 1746 1816 1798 quid

335 1802 458 1851 „inde
488 1803 702 1854 rapiatur,
749 1811 821 1844 aut
852 1804 1143 1853 subtrahatur,
1191 1817 1281 1844 nec
1325 1804 1612 1855 quisquam
1645 1803 1695 1843 in
1726 1803 1812 1842 his

337 1860 678 1911 „praedictis
711 1861 813 1901 sibi
845 1861 1084 1902 favorem
1116 1860 1396 1913 acquirere
1425 1860 1664 1901 audeat.“

921 1987 966 2041 ὃ.
1009 1986 1120 2031 567.

785 2084 936 2128 Βοηα
973 2080 1259 2128 camerale'a.

357 2177 489 2223 Bona
547 2177 653 2224 alibi
690 2179 834 2225 Dom
851 2182 984 2227 ania
1042 2179 1211 2238 (vulgo
1249 2176 1521 2235 Domanen)
1574 2177 1620 2222 in
1660 2177 1812 2223 Patria

222 2251 384 2292 nostra
423 2246 760 2292 cameralia
797 2248 844 2292 in
905 2247 1171 2301 coronalia,
1240 2245 1318 2293 vel
1357 2243 1530 2290 fiscalia
1579 2244 1811 2299 tribuunt,

221 2328 327 2359 nam
361 2314 864 2374 patrimonialia,
927 2314 1090 2375 quibus
1133 2314 1291 2374 Reges
1344 2312 1469 2358 nulla
1508 2311 1610 2357 fere
1659 2317 1812 2357 aetate

225 2379 611 2437 destituebantur,
649 2396 802 2442 neque
829 2389 933 2427 actu
969 2389 1145 2439 carent,
1194 2383 1336 2428 totius
1372 2379 1551 2440 Regiae
1591 2378 1811 2424 Familiae

220 2451 427 2508 propria,
464 2451 510 2494 in
536 2463 726 2494 censum
755 2450 1050 2495 cameralium
1075 2464 1170 2495 non
1206 2450 1416 2503 veniunt,
1455 2453 1811 2507 proventusque

222 2528 334 2560 suos
372 2517 426 2561 in
463 2517 773 2576 privatum
810 2518 1128 2579 Principis
1168 2515 1522 2577 cophinum,
1569 2529 1668 2560 non
1692 2527 1810 2560 vero

220 2584 267 2627 in
296 2585 553 2629 camerales
595 2584 778 2631 loculos
803 2585 1018 2643 reddunt,
1057 2599 1201 2646 quare
1243 2584 1301 2629 ad
1326 2581 1642 2642 cathegoriam
1691 2594 1811 2641 pro-

221 2656 443 2697 ventuum
467 2650 757 2712 publicorum
781 2655 931 2701 minus
957 2660 1157 2715 possunt
1180 2651 1361 2698 referri.
1493 2681 1505 2700 ‹
1527 2683 1529 2685 -

262 2763 297 2807 ει)
324 2765 426 2801 1439.
455 2767 510 2802 16.

261 2823 299 2866 ¹³)
327 2824 427 2860 1514.
454 2828 483 2860 1.
507 2826 542 2858 2⁴
559 2828 594 2858 et
615 2825 648 2859 3.
677 2825 770 2858 cons.
790 2824 891 2859 1608.
913 2825 969 2857 22.
992 2833 1021 2857 a.
1045 2833 1075 2857 c.
1098 2826 1134 2856 et
1160 2822 1262 2856 1791.
1285 2822 1318 2854 7.

260 2883 296 2927 ⁰)
319 2886 360 2919 P.
379 2884 419 2917 11.
445 2887 484 2917 tt.
501 2883 555 2917 39.
