<?xml version="1.0" encoding="UTF-8"?>
<!DOCTYPE html PUBLIC "-//W3C//DTD XHTML 1.0 Transitional//EN"
    "http://www.w3.org/TR/xhtml1/DTD/xhtml1-transitional.dtd">
<html xmlns="http://www.w3.org/1999/xhtml" xml:lang="en" lang="en">
 <head>
  <title>
</title>
<meta http-equiv="Content-Type" content="text/html;charset=utf-8" />
  <meta name='ocr-system' content='tesseract 3.04.00' />
  <meta name='ocr-capabilities' content='ocr_page ocr_carea ocr_par ocr_line ocrx_word'/>
</head>
<body>
  <div class='ocr_page' id='page_1' title='image "./conspectusjurisp00czir_0394.png"; bbox 0 0 1941 3143; ppageno 0'>
   <div class='ocr_carea' id='block_1_1' title="bbox 195 104 286 148">
    <p class='ocr_par' dir='ltr' id='par_1_1' title="bbox 195 104 286 148">
     <span class='ocr_line' id='line_1_1' title="bbox 195 104 286 148; baseline -0.011 0"><span class='ocrx_word' id='word_1_1' title='bbox 195 104 286 148; x_wconf 71' lang='lat'>120</span> 
     </span>
    </p>
   </div>
   <div class='ocr_carea' id='block_1_2' title="bbox 183 212 1785 1222">
    <p class='ocr_par' dir='ltr' id='par_1_2' title="bbox 183 212 1785 1222">
     <span class='ocr_line' id='line_1_2' title="bbox 183 212 1773 278; baseline 0.002 -17"><span class='ocrx_word' id='word_1_2' title='bbox 183 213 377 270; x_wconf 72' lang='lat' dir='ltr'>Militia,</span> <span class='ocrx_word' id='word_1_3' title='bbox 417 226 478 260; x_wconf 82' lang='lat' dir='ltr'>ex</span> <span class='ocrx_word' id='word_1_4' title='bbox 506 212 723 276; x_wconf 83' lang='lat' dir='ltr'>obligatis</span> <span class='ocrx_word' id='word_1_5' title='bbox 751 214 915 277; x_wconf 82' lang='lat' dir='ltr'>partim</span> <span class='ocrx_word' id='word_1_6' title='bbox 933 247 946 269; x_wconf 63' lang='lat'><em>⁷</em></span> <span class='ocrx_word' id='word_1_7' title='bbox 984 215 1150 275; x_wconf 85' lang='lat' dir='ltr'>partim</span> <span class='ocrx_word' id='word_1_8' title='bbox 1178 229 1202 260; x_wconf 87' lang='lat' dir='ltr'>e</span> <span class='ocrx_word' id='word_1_9' title='bbox 1230 216 1547 278; x_wconf 82' lang='lat' dir='ltr'>stipendiariis</span> <span class='ocrx_word' id='word_1_10' title='bbox 1575 215 1773 264; x_wconf 76' lang='lat' dir='ltr'>conflata</span> 
     </span>
     <span class='ocr_line' id='line_1_3' title="bbox 184 281 1776 346; baseline 0.003 -20"><span class='ocrx_word' id='word_1_11' title='bbox 184 282 333 341; x_wconf 88' lang='lat' dir='ltr'>magis</span> <span class='ocrx_word' id='word_1_12' title='bbox 359 282 500 328; x_wconf 85' lang='lat' dir='ltr'>multo</span> <span class='ocrx_word' id='word_1_13' title='bbox 520 316 533 338; x_wconf 69' lang='lat'>‚</span> <span class='ocrx_word' id='word_1_14' title='bbox 572 299 705 345; x_wconf 89' lang='lat' dir='ltr'>quam</span> <span class='ocrx_word' id='word_1_15' title='bbox 744 290 793 328; x_wconf 92' lang='lat' dir='ltr'>ut</span> <span class='ocrx_word' id='word_1_16' title='bbox 832 281 911 328; x_wconf 92' lang='lat' dir='ltr'>vel</span> <span class='ocrx_word' id='word_1_17' title='bbox 940 282 1025 327; x_wconf 87' lang='lat' dir='ltr'>ista</span> <span class='ocrx_word' id='word_1_18' title='bbox 1054 297 1113 327; x_wconf 84' lang='lat' dir='ltr'>ex</span> <span class='ocrx_word' id='word_1_19' title='bbox 1138 284 1319 329; x_wconf 90' lang='lat' dir='ltr'>ratione</span> <span class='ocrx_word' id='word_1_20' title='bbox 1361 300 1445 346; x_wconf 87' lang='lat' dir='ltr'>pro</span> <span class='ocrx_word' id='word_1_21' title='bbox 1475 284 1625 331; x_wconf 86' lang='lat' dir='ltr'>stabili</span> <span class='ocrx_word' id='word_1_22' title='bbox 1655 300 1776 331; x_wconf 91' lang='lat' dir='ltr'>con-</span> 
     </span>
     <span class='ocr_line' id='line_1_4' title="bbox 186 349 1778 413; baseline 0.002 -18"><span class='ocrx_word' id='word_1_23' title='bbox 186 349 383 395; x_wconf 88' lang='lat' dir='ltr'>siderari</span> <span class='ocrx_word' id='word_1_24' title='bbox 418 353 664 410; x_wconf 89' lang='lat' dir='ltr'>potuisset.</span> <span class='ocrx_word' id='word_1_25' title='bbox 717 351 803 396; x_wconf 87' lang='lat' dir='ltr'>Ubi</span> <span class='ocrx_word' id='word_1_26' title='bbox 840 354 992 395; x_wconf 84' lang='lat' dir='ltr'>autem</span> <span class='ocrx_word' id='word_1_27' title='bbox 1029 349 1224 410; x_wconf 89' lang='lat' dir='ltr'>prodiga</span> <span class='ocrx_word' id='word_1_28' title='bbox 1261 350 1520 413; x_wconf 86' lang='lat' dir='ltr'>Principum</span> <span class='ocrx_word' id='word_1_29' title='bbox 1550 367 1778 413; x_wconf 85' lang='lat' dir='ltr'>quorum-</span> 
     </span>
     <span class='ocr_line' id='line_1_5' title="bbox 187 416 1778 480; baseline 0.003 -18"><span class='ocrx_word' id='word_1_30' title='bbox 187 418 287 463; x_wconf 86' lang='lat' dir='ltr'>dam</span> <span class='ocrx_word' id='word_1_31' title='bbox 336 416 615 464; x_wconf 75' lang='lat' dir='ltr'>liberalitate</span> <span class='ocrx_word' id='word_1_32' title='bbox 633 452 646 476; x_wconf 69' lang='lat'>,</span> <span class='ocrx_word' id='word_1_33' title='bbox 696 418 891 464; x_wconf 87' lang='lat' dir='ltr'>aliorum</span> <span class='ocrx_word' id='word_1_34' title='bbox 941 418 1078 462; x_wconf 89' lang='lat' dir='ltr'>nimia</span> <span class='ocrx_word' id='word_1_35' title='bbox 1124 421 1246 464; x_wconf 89' lang='lat' dir='ltr'>aeris</span> <span class='ocrx_word' id='word_1_36' title='bbox 1285 420 1500 480; x_wconf 88' lang='lat' dir='ltr'>cupidine</span> <span class='ocrx_word' id='word_1_37' title='bbox 1539 423 1778 480; x_wconf 88' lang='lat' dir='ltr'>regiorum</span> 
     </span>
     <span class='ocr_line' id='line_1_6' title="bbox 185 484 1778 550; baseline 0.002 -20"><span class='ocrx_word' id='word_1_38' title='bbox 185 490 474 540; x_wconf 67' lang='lat' dir='ltr'>castrorum„</span> <span class='ocrx_word' id='word_1_39' title='bbox 515 500 666 546; x_wconf 89' lang='lat' dir='ltr'>eoque</span> <span class='ocrx_word' id='word_1_40' title='bbox 706 486 994 531; x_wconf 79' lang='lat' dir='ltr'>attinentium</span> <span class='ocrx_word' id='word_1_41' title='bbox 1033 484 1266 531; x_wconf 88' lang='lat' dir='ltr'>Bonorum</span> <span class='ocrx_word' id='word_1_42' title='bbox 1306 501 1413 547; x_wconf 88' lang='lat' dir='ltr'>pars</span> <span class='ocrx_word' id='word_1_43' title='bbox 1452 490 1647 533; x_wconf 82' lang='lat' dir='ltr'>maxima</span> <span class='ocrx_word' id='word_1_44' title='bbox 1676 490 1778 550; x_wconf 89' lang='lat' dir='ltr'>pri-</span> 
     </span>
     <span class='ocr_line' id='line_1_7' title="bbox 185 551 1779 616; baseline 0.001 -17"><span class='ocrx_word' id='word_1_45' title='bbox 185 554 308 599; x_wconf 89' lang='lat' dir='ltr'>vatis</span> <span class='ocrx_word' id='word_1_46' title='bbox 337 554 481 597; x_wconf 88' lang='lat' dir='ltr'>cessit</span> <span class='ocrx_word' id='word_1_47' title='bbox 499 586 511 608; x_wconf 71' lang='lat'><strong>‚</strong></span> <span class='ocrx_word' id='word_1_48' title='bbox 540 567 753 613; x_wconf 90' lang='lat' dir='ltr'>onusque</span> <span class='ocrx_word' id='word_1_49' title='bbox 778 551 1002 598; x_wconf 85' lang='lat' dir='ltr'>militandi</span> <span class='ocrx_word' id='word_1_50' title='bbox 1029 552 1193 598; x_wconf 89' lang='lat' dir='ltr'>iisdem</span> <span class='ocrx_word' id='word_1_51' title='bbox 1220 553 1275 598; x_wconf 92' lang='lat' dir='ltr'>de</span> <span class='ocrx_word' id='word_1_52' title='bbox 1303 557 1456 599; x_wconf 86' lang='lat' dir='ltr'>causis</span> <span class='ocrx_word' id='word_1_53' title='bbox 1488 555 1606 616; x_wconf 87' lang='lat' dir='ltr'>apud</span> <span class='ocrx_word' id='word_1_54' title='bbox 1635 555 1779 602; x_wconf 91' lang='lat' dir='ltr'>Com-</span> 
     </span>
     <span class='ocr_line' id='line_1_8' title="bbox 187 619 1780 683; baseline 0.002 -18"><span class='ocrx_word' id='word_1_55' title='bbox 187 622 467 675; x_wconf 46' lang='lat' dir='ltr'>munitates5</span> <span class='ocrx_word' id='word_1_56' title='bbox 507 619 564 665; x_wconf 89' lang='lat' dir='ltr'>ad</span> <span class='ocrx_word' id='word_1_57' title='bbox 590 619 700 665; x_wconf 93' lang='lat' dir='ltr'>illud</span> <span class='ocrx_word' id='word_1_58' title='bbox 726 622 854 682; x_wconf 91' lang='lat' dir='ltr'>prius</span> <span class='ocrx_word' id='word_1_59' title='bbox 897 619 1170 678; x_wconf 71' lang='lat' dir='ltr'>adstrictas,</span> <span class='ocrx_word' id='word_1_60' title='bbox 1209 623 1254 666; x_wconf 92' lang='lat' dir='ltr'>in</span> <span class='ocrx_word' id='word_1_61' title='bbox 1290 625 1606 683; x_wconf 77' lang='lat' dir='ltr'>pecunIarIum</span> <span class='ocrx_word' id='word_1_62' title='bbox 1644 638 1780 669; x_wconf 89' lang='lat' dir='ltr'>com-</span> 
     </span>
     <span class='ocr_line' id='line_1_9' title="bbox 186 685 1780 752; baseline 0.001 -19"><span class='ocrx_word' id='word_1_63' title='bbox 186 692 409 733; x_wconf 88' lang='lat' dir='ltr'>mutatum</span> <span class='ocrx_word' id='word_1_64' title='bbox 436 685 550 744; x_wconf 78' lang='lat' dir='ltr'>fuit3</span> <span class='ocrx_word' id='word_1_65' title='bbox 578 693 668 733; x_wconf 81' lang='lat' dir='ltr'>tam</span> <span class='ocrx_word' id='word_1_66' title='bbox 696 691 933 750; x_wconf 89' lang='lat' dir='ltr'>copiarum</span> <span class='ocrx_word' id='word_1_67' title='bbox 958 702 1204 741; x_wconf 72' lang='lat' dir='ltr'>numerus..</span> <span class='ocrx_word' id='word_1_68' title='bbox 1236 704 1369 749; x_wconf 88' lang='lat' dir='ltr'>quam</span> <span class='ocrx_word' id='word_1_69' title='bbox 1398 697 1604 751; x_wconf 70' lang='lat' dir='ltr'>systema</span> <span class='ocrx_word' id='word_1_70' title='bbox 1633 692 1780 752; x_wconf 88' lang='lat' dir='ltr'>ipsum</span> 
     </span>
     <span class='ocr_line' id='line_1_10' title="bbox 188 753 1779 818; baseline 0.001 -18"><span class='ocrx_word' id='word_1_71' title='bbox 188 753 480 800; x_wconf 88' lang='lat' dir='ltr'>defensionis</span> <span class='ocrx_word' id='word_1_72' title='bbox 530 757 775 801; x_wconf 88' lang='lat' dir='ltr'>continuas</span> <span class='ocrx_word' id='word_1_73' title='bbox 816 757 1097 818; x_wconf 88' lang='lat' dir='ltr'>mutationes</span> <span class='ocrx_word' id='word_1_74' title='bbox 1142 756 1298 801; x_wconf 90' lang='lat' dir='ltr'>subire</span> <span class='ocrx_word' id='word_1_75' title='bbox 1340 756 1510 802; x_wconf 88' lang='lat' dir='ltr'>debuit.</span> <span class='ocrx_word' id='word_1_76' title='bbox 1575 758 1779 803; x_wconf 90' lang='lat' dir='ltr'>Tandem</span> 
     </span>
     <span class='ocr_line' id='line_1_11' title="bbox 187 821 1783 882; baseline 0.001 -14"><span class='ocrx_word' id='word_1_77' title='bbox 187 822 355 882; x_wconf 89' lang='lat' dir='ltr'>Regno</span> <span class='ocrx_word' id='word_1_78' title='bbox 384 824 429 866; x_wconf 91' lang='lat' dir='ltr'>in</span> <span class='ocrx_word' id='word_1_79' title='bbox 456 821 689 868; x_wconf 89' lang='lat' dir='ltr'>factiones</span> <span class='ocrx_word' id='word_1_80' title='bbox 719 823 870 869; x_wconf 87' lang='lat' dir='ltr'>diviso</span> <span class='ocrx_word' id='word_1_81' title='bbox 890 857 902 879; x_wconf 69' lang='lat'>‚</span> <span class='ocrx_word' id='word_1_82' title='bbox 943 830 989 867; x_wconf 89' lang='lat' dir='ltr'>et</span> <span class='ocrx_word' id='word_1_83' title='bbox 1015 824 1117 880; x_wconf 88' lang='lat' dir='ltr'>ejus</span> <span class='ocrx_word' id='word_1_84' title='bbox 1138 858 1150 880; x_wconf 70' lang='grc'>,</span> <span class='ocrx_word' id='word_1_85' title='bbox 1190 839 1244 868; x_wconf 87' lang='lat' dir='ltr'>ac</span> <span class='ocrx_word' id='word_1_86' title='bbox 1268 823 1552 882; x_wconf 88' lang='lat' dir='ltr'>reliquarum</span> <span class='ocrx_word' id='word_1_87' title='bbox 1578 826 1783 871; x_wconf 90' lang='lat' dir='ltr'>Provin-</span> 
     </span>
     <span class='ocr_line' id='line_1_12' title="bbox 188 888 1782 952; baseline 0.001 -17"><span class='ocrx_word' id='word_1_88' title='bbox 188 892 361 935; x_wconf 78' lang='lat' dir='ltr'>cIarum</span> <span class='ocrx_word' id='word_1_89' title='bbox 390 888 445 934; x_wconf 89' lang='lat' dir='ltr'>ad</span> <span class='ocrx_word' id='word_1_90' title='bbox 473 888 706 936; x_wconf 89' lang='lat' dir='ltr'>Coronam</span> <span class='ocrx_word' id='word_1_91' title='bbox 734 891 1040 952; x_wconf 79' lang='lat' dir='ltr'>spectantium</span> <span class='ocrx_word' id='word_1_92' title='bbox 1081 897 1212 950; x_wconf 85' lang='lat' dir='ltr'>parte</span> <span class='ocrx_word' id='word_1_93' title='bbox 1240 904 1437 950; x_wconf 89' lang='lat' dir='ltr'>prorsus</span> <span class='ocrx_word' id='word_1_94' title='bbox 1477 895 1730 951; x_wconf 89' lang='lat' dir='ltr'>conspicua</span> <span class='ocrx_word' id='word_1_95' title='bbox 1758 907 1782 936; x_wconf 90' lang='lat' dir='ltr'>a</span> 
     </span>
     <span class='ocr_line' id='line_1_13' title="bbox 185 956 1784 1019; baseline -0.001 -16"><span class='ocrx_word' id='word_1_96' title='bbox 185 956 397 1003; x_wconf 88' lang='lat' dir='ltr'>barbaris</span> <span class='ocrx_word' id='word_1_97' title='bbox 427 965 683 1019; x_wconf 69' lang='lat' dir='ltr'>occupata,</span> <span class='ocrx_word' id='word_1_98' title='bbox 726 959 963 1003; x_wconf 83' lang='lat' dir='ltr'>exercitus</span> <span class='ocrx_word' id='word_1_99' title='bbox 1002 959 1194 1016; x_wconf 60' lang='lat' dir='ltr'>regius,</span> <span class='ocrx_word' id='word_1_100' title='bbox 1233 962 1461 1017; x_wconf 84' lang='lat' dir='ltr'>quatenus</span> <span class='ocrx_word' id='word_1_101' title='bbox 1503 957 1784 1017; x_wconf 85' lang='lat' dir='ltr'>hungaricus</span> 
     </span>
     <span class='ocr_line' id='line_1_14' title="bbox 190 1023 1782 1086; baseline 0 -17"><span class='ocrx_word' id='word_1_102' title='bbox 190 1024 279 1070; x_wconf 91' lang='lat' dir='ltr'>dici</span> <span class='ocrx_word' id='word_1_103' title='bbox 305 1030 520 1085; x_wconf 69' lang='lat' dir='ltr'>poterat,</span> <span class='ocrx_word' id='word_1_104' title='bbox 561 1025 617 1070; x_wconf 90' lang='lat' dir='ltr'>ad</span> <span class='ocrx_word' id='word_1_105' title='bbox 645 1025 777 1070; x_wconf 89' lang='lat' dir='ltr'>solos</span> <span class='ocrx_word' id='word_1_106' title='bbox 805 1039 926 1086; x_wconf 90' lang='lat' dir='ltr'>pene</span> <span class='ocrx_word' id='word_1_107' title='bbox 955 1023 1313 1084; x_wconf 65' lang='lat' dir='ltr'>stipendiarios„</span> <span class='ocrx_word' id='word_1_108' title='bbox 1352 1030 1490 1084; x_wconf 88' lang='lat' dir='ltr'>atque</span> <span class='ocrx_word' id='word_1_109' title='bbox 1518 1039 1602 1071; x_wconf 90' lang='lat' dir='ltr'>eos</span> <span class='ocrx_word' id='word_1_110' title='bbox 1628 1024 1782 1082; x_wconf 76' lang='lat' dir='ltr'>rediit⁷</span> 
     </span>
     <span class='ocr_line' id='line_1_15' title="bbox 188 1090 1785 1155; baseline 0.001 -19"><span class='ocrx_word' id='word_1_111' title='bbox 188 1094 266 1152; x_wconf 88' lang='lat' dir='ltr'>qui</span> <span class='ocrx_word' id='word_1_112' title='bbox 292 1093 338 1137; x_wconf 92' lang='lat' dir='ltr'>in</span> <span class='ocrx_word' id='word_1_113' title='bbox 357 1090 566 1138; x_wconf 88' lang='lat' dir='ltr'>Comitiis</span> <span class='ocrx_word' id='word_1_114' title='bbox 593 1107 678 1153; x_wconf 91' lang='lat' dir='ltr'>pro</span> <span class='ocrx_word' id='word_1_115' title='bbox 700 1092 899 1155; x_wconf 86' lang='lat' dir='ltr'>periculi</span> <span class='ocrx_word' id='word_1_116' title='bbox 924 1091 1240 1152; x_wconf 87' lang='lat' dir='ltr'>magnitudine</span> <span class='ocrx_word' id='word_1_117' title='bbox 1270 1090 1463 1137; x_wconf 90' lang='lat' dir='ltr'>subsidii</span> <span class='ocrx_word' id='word_1_118' title='bbox 1489 1094 1635 1139; x_wconf 89' lang='lat' dir='ltr'>instar</span> <span class='ocrx_word' id='word_1_119' title='bbox 1661 1099 1785 1138; x_wconf 91' lang='lat' dir='ltr'>tem-</span> 
     </span>
     <span class='ocr_line' id='line_1_16' title="bbox 187 1159 735 1222; baseline -0.002 -17"><span class='ocrx_word' id='word_1_120' title='bbox 187 1160 378 1222; x_wconf 87' lang='lat' dir='ltr'>porarie</span> <span class='ocrx_word' id='word_1_121' title='bbox 405 1159 735 1206; x_wconf 84' lang='lat' dir='ltr'>offerebantur.</span> 
     </span>
    </p>
   </div>
   <div class='ocr_carea' id='block_1_3' title="bbox 595 1296 1376 1456">
    <p class='ocr_par' dir='ltr' id='par_1_3' title="bbox 595 1296 1376 1456">
     <span class='ocr_line' id='line_1_17' title="bbox 889 1296 1089 1352; baseline 0.005 -11"><span class='ocrx_word' id='word_1_122' title='bbox 889 1296 934 1352; x_wconf 59' lang='grc' dir='ltr'>ὃ.</span> <span class='ocrx_word' id='word_1_123' title='bbox 978 1297 1089 1344; x_wconf 76' lang='grc'>522.</span> 
     </span>
     <span class='ocr_line' id='line_1_18' title="bbox 595 1394 1376 1456; baseline -0.004 -13"><span class='ocrx_word' id='word_1_124' title='bbox 595 1396 761 1456; x_wconf 69' lang='lat' dir='ltr'>Usque</span> <span class='ocrx_word' id='word_1_125' title='bbox 802 1394 982 1443; x_wconf 76' lang='lat' dir='ltr'>Caroli</span> <span class='ocrx_word' id='word_1_126' title='bbox 1026 1396 1093 1442; x_wconf 88' lang='lat' dir='ltr'>VI.</span> <span class='ocrx_word' id='word_1_127' title='bbox 1135 1404 1376 1454; x_wconf 79' lang='lat' dir='ltr'>tempora.</span> 
     </span>
    </p>
   </div>
   <div class='ocr_carea' id='block_1_4' title="bbox 190 1491 1788 2081">
    <p class='ocr_par' dir='ltr' id='par_1_4' title="bbox 190 1491 1788 2081">
     <span class='ocr_line' id='line_1_19' title="bbox 328 1491 1786 1555; baseline 0 -15"><span class='ocrx_word' id='word_1_128' title='bbox 328 1494 480 1540; x_wconf 91' lang='lat' dir='ltr'>Aliam</span> <span class='ocrx_word' id='word_1_129' title='bbox 519 1491 689 1540; x_wconf 89' lang='lat' dir='ltr'>Carolo</span> <span class='ocrx_word' id='word_1_130' title='bbox 718 1493 798 1539; x_wconf 92' lang='lat' dir='ltr'>VI.</span> <span class='ocrx_word' id='word_1_131' title='bbox 841 1491 1045 1539; x_wconf 84' lang='lat' dir='ltr'>Caesare</span> <span class='ocrx_word' id='word_1_132' title='bbox 1082 1500 1267 1555; x_wconf 82' lang='lat' dir='ltr'>sceptra</span> <span class='ocrx_word' id='word_1_133' title='bbox 1308 1493 1577 1554; x_wconf 85' lang='lat' dir='ltr'>Hungariae</span> <span class='ocrx_word' id='word_1_134' title='bbox 1617 1495 1786 1540; x_wconf 89' lang='lat' dir='ltr'>mode-</span> 
     </span>
     <span class='ocr_line' id='line_1_20' title="bbox 192 1561 1787 1623; baseline 0.001 -17"><span class='ocrx_word' id='word_1_135' title='bbox 192 1568 324 1607; x_wconf 88' lang='lat' dir='ltr'>rante</span> <span class='ocrx_word' id='word_1_136' title='bbox 343 1595 356 1617; x_wconf 67' lang='lat'>,</span> <span class='ocrx_word' id='word_1_137' title='bbox 395 1575 473 1606; x_wconf 89' lang='lat' dir='ltr'>res</span> <span class='ocrx_word' id='word_1_138' title='bbox 501 1562 711 1607; x_wconf 86' lang='lat' dir='ltr'>militaris</span> <span class='ocrx_word' id='word_1_139' title='bbox 738 1561 908 1607; x_wconf 83' lang='lat' dir='ltr'>faciem</span> <span class='ocrx_word' id='word_1_140' title='bbox 934 1561 1079 1607; x_wconf 86' lang='lat' dir='ltr'>induit</span> <span class='ocrx_word' id='word_1_141' title='bbox 1097 1596 1109 1618; x_wconf 60' lang='lat' dir='ltr'>e</span> <span class='ocrx_word' id='word_1_142' title='bbox 1150 1561 1232 1607; x_wconf 91' lang='lat' dir='ltr'>sub</span> <span class='ocrx_word' id='word_1_143' title='bbox 1262 1577 1351 1622; x_wconf 88' lang='lat' dir='ltr'>quo</span> <span class='ocrx_word' id='word_1_144' title='bbox 1393 1563 1609 1623; x_wconf 81' lang='lat' dir='ltr'>Systema</span> <span class='ocrx_word' id='word_1_145' title='bbox 1637 1562 1787 1608; x_wconf 89' lang='lat' dir='ltr'>stabi-</span> 
     </span>
     <span class='ocr_line' id='line_1_21' title="bbox 193 1629 1788 1690; baseline 0.001 -16"><span class='ocrx_word' id='word_1_146' title='bbox 193 1630 247 1675; x_wconf 91' lang='lat' dir='ltr'>lis</span> <span class='ocrx_word' id='word_1_147' title='bbox 274 1629 500 1685; x_wconf 73' lang='lat' dir='ltr'>Militiae,</span> <span class='ocrx_word' id='word_1_148' title='bbox 539 1630 671 1686; x_wconf 87' lang='lat' dir='ltr'>cujus</span> <span class='ocrx_word' id='word_1_149' title='bbox 708 1629 1106 1685; x_wconf 68' lang='lat' dir='ltr'>introducendae7</span> <span class='ocrx_word' id='word_1_150' title='bbox 1159 1630 1515 1690; x_wconf 81' lang='lat' dir='ltr'>servandaeque</span> <span class='ocrx_word' id='word_1_151' title='bbox 1567 1633 1788 1675; x_wconf 87' lang='lat' dir='ltr'>necessi-</span> 
     </span>
     <span class='ocr_line' id='line_1_22' title="bbox 192 1694 1787 1758; baseline 0.001 -17"><span class='ocrx_word' id='word_1_152' title='bbox 192 1703 332 1741; x_wconf 82' lang='lat' dir='ltr'>tatem</span> <span class='ocrx_word' id='word_1_153' title='bbox 362 1694 636 1742; x_wconf 88' lang='lat' dir='ltr'>Conventus</span> <span class='ocrx_word' id='word_1_154' title='bbox 662 1696 814 1756; x_wconf 82' lang='lat' dir='ltr'>Regni</span> <span class='ocrx_word' id='word_1_155' title='bbox 842 1698 994 1758; x_wconf 84' lang='lat' dir='ltr'>palam</span> <span class='ocrx_word' id='word_1_156' title='bbox 1021 1704 1282 1756; x_wconf 84' lang='lat' dir='ltr'>agnoverat</span> <span class='ocrx_word' id='word_1_157' title='bbox 1325 1697 1366 1756; x_wconf 68' lang='lat'>¹³)</span> <span class='ocrx_word' id='word_1_158' title='bbox 1387 1732 1399 1753; x_wconf 59' lang='lat'><em>‚</em></span> <span class='ocrx_word' id='word_1_159' title='bbox 1439 1711 1523 1758; x_wconf 86' lang='lat' dir='ltr'>pro</span> <span class='ocrx_word' id='word_1_160' title='bbox 1555 1700 1787 1743; x_wconf 87' lang='lat' dir='ltr'>constanti</span> 
     </span>
     <span class='ocr_line' id='line_1_23' title="bbox 192 1763 1788 1826; baseline 0.001 -16"><span class='ocrx_word' id='word_1_161' title='bbox 192 1764 415 1821; x_wconf 71' lang='lat' dir='ltr'>invaluit,</span> <span class='ocrx_word' id='word_1_162' title='bbox 455 1764 682 1825; x_wconf 90' lang='lat' dir='ltr'>simulque</span> <span class='ocrx_word' id='word_1_163' title='bbox 722 1765 960 1825; x_wconf 88' lang='lat' dir='ltr'>legionum</span> <span class='ocrx_word' id='word_1_164' title='bbox 1002 1763 1357 1824; x_wconf 85' lang='lat' dir='ltr'>hungaricarum</span> <span class='ocrx_word' id='word_1_165' title='bbox 1395 1764 1639 1826; x_wconf 87' lang='lat' dir='ltr'>Suppletio</span> <span class='ocrx_word' id='word_1_166' title='bbox 1680 1768 1788 1811; x_wconf 91' lang='lat' dir='ltr'>ine—</span> 
     </span>
     <span class='ocr_line' id='line_1_24' title="bbox 190 1831 1785 1894; baseline 0.001 -17"><span class='ocrx_word' id='word_1_167' title='bbox 190 1831 395 1878; x_wconf 84' lang='lat' dir='ltr'>vitabilis</span> <span class='ocrx_word' id='word_1_168' title='bbox 425 1834 606 1889; x_wconf 79' lang='lat' dir='ltr'>evasit,</span> <span class='ocrx_word' id='word_1_169' title='bbox 647 1847 765 1894; x_wconf 88' lang='lat' dir='ltr'>quae</span> <span class='ocrx_word' id='word_1_170' title='bbox 807 1833 1040 1879; x_wconf 87' lang='lat' dir='ltr'>ordinarie</span> <span class='ocrx_word' id='word_1_171' title='bbox 1080 1832 1264 1892; x_wconf 90' lang='lat' dir='ltr'>quidem</span> <span class='ocrx_word' id='word_1_172' title='bbox 1289 1831 1434 1878; x_wconf 82' lang='lat' dir='ltr'>llbera</span> <span class='ocrx_word' id='word_1_173' title='bbox 1474 1832 1785 1878; x_wconf 88' lang='lat' dir='ltr'>conductione</span> 
     </span>
     <span class='ocr_line' id='line_1_25' title="bbox 192 1899 1788 1963; baseline 0.001 -19"><span class='ocrx_word' id='word_1_174' title='bbox 192 1901 437 1963; x_wconf 89' lang='lat' dir='ltr'>procurari</span> <span class='ocrx_word' id='word_1_175' title='bbox 464 1900 746 1956; x_wconf 64' lang='lat' dir='ltr'>intenditur‚</span> <span class='ocrx_word' id='word_1_176' title='bbox 785 1901 889 1945; x_wconf 90' lang='lat' dir='ltr'>dum</span> <span class='ocrx_word' id='word_1_177' title='bbox 927 1906 1080 1944; x_wconf 86' lang='lat' dir='ltr'>antem</span> <span class='ocrx_word' id='word_1_178' title='bbox 1123 1900 1426 1959; x_wconf 87' lang='lat' dir='ltr'>Reipublicae</span> <span class='ocrx_word' id='word_1_179' title='bbox 1467 1901 1587 1945; x_wconf 88' lang='lat' dir='ltr'>ratio</span> <span class='ocrx_word' id='word_1_180' title='bbox 1631 1899 1675 1945; x_wconf 93' lang='lat' dir='ltr'>id</span> <span class='ocrx_word' id='word_1_181' title='bbox 1702 1916 1788 1945; x_wconf 91' lang='lat' dir='ltr'>ur-</span> 
     </span>
     <span class='ocr_line' id='line_1_26' title="bbox 194 1965 1786 2028; baseline -0.002 -16"><span class='ocrx_word' id='word_1_182' title='bbox 194 1969 381 2028; x_wconf 84' lang='lat' dir='ltr'>gentius</span> <span class='ocrx_word' id='word_1_183' title='bbox 410 1967 638 2027; x_wconf 69' lang='lat' dir='ltr'>deposcit,</span> <span class='ocrx_word' id='word_1_184' title='bbox 667 1968 883 2028; x_wconf 73' lang='lat' dir='ltr'>Tyrones</span> <span class='ocrx_word' id='word_1_185' title='bbox 912 1965 1157 2011; x_wconf 84' lang='lat' dir='ltr'>statuendo</span> <span class='ocrx_word' id='word_1_186' title='bbox 1186 1967 1458 2025; x_wconf 63' lang='lat' dir='ltr'>suppletur7</span> <span class='ocrx_word' id='word_1_187' title='bbox 1486 1967 1610 2025; x_wconf 84' lang='lat' dir='ltr'>quod</span> <span class='ocrx_word' id='word_1_188' title='bbox 1636 1968 1786 2026; x_wconf 91' lang='lat' dir='ltr'>Regni</span> 
     </span>
     <span class='ocr_line' id='line_1_27' title="bbox 194 2032 1144 2081; baseline -0.005 0"><span class='ocrx_word' id='word_1_189' title='bbox 194 2035 556 2081; x_wconf 85' lang='lat' dir='ltr'>Jurisdictiones</span> <span class='ocrx_word' id='word_1_190' title='bbox 583 2035 629 2079; x_wconf 92' lang='lat' dir='ltr'>in</span> <span class='ocrx_word' id='word_1_191' title='bbox 657 2034 871 2080; x_wconf 83' lang='lat' dir='ltr'>effectum</span> <span class='ocrx_word' id='word_1_192' title='bbox 898 2032 1144 2079; x_wconf 87' lang='lat' dir='ltr'>deducunt.</span> 
     </span>
    </p>
   </div>
   <div class='ocr_carea' id='block_1_5' title="bbox 767 2184 1236 2340">
    <p class='ocr_par' dir='ltr' id='par_1_5' title="bbox 767 2184 1236 2340">
     <span class='ocr_line' id='line_1_28' title="bbox 880 2184 1077 2240; baseline -0.005 -10"><span class='ocrx_word' id='word_1_193' title='bbox 880 2185 925 2240; x_wconf 59' lang='grc' dir='ltr'>ξ.</span> <span class='ocrx_word' id='word_1_194' title='bbox 968 2184 1077 2230; x_wconf 79' lang='lat'><strong>523.</strong></span> 
     </span>
     <span class='ocr_line' id='line_1_29' title="bbox 767 2285 1236 2340; baseline -0.011 -8"><span class='ocrx_word' id='word_1_195' title='bbox 767 2286 871 2340; x_wconf 77' lang='lat' dir='ltr'>Quo</span> <span class='ocrx_word' id='word_1_196' title='bbox 912 2295 959 2330; x_wconf 82' lang='lat' dir='ltr'>et</span> <span class='ocrx_word' id='word_1_197' title='bbox 998 2285 1236 2339; x_wconf 71' lang='lat' dir='ltr'>Confinia.</span> 
     </span>
    </p>
   </div>
   <div class='ocr_carea' id='block_1_6' title="bbox 198 2381 1792 2782">
    <p class='ocr_par' dir='ltr' id='par_1_6' title="bbox 198 2381 1792 2782">
     <span class='ocr_line' id='line_1_30' title="bbox 338 2381 1788 2444; baseline -0.003 -13"><span class='ocrx_word' id='word_1_198' title='bbox 338 2386 547 2431; x_wconf 88' lang='lat' dir='ltr'>Classem</span> <span class='ocrx_word' id='word_1_199' title='bbox 586 2384 816 2444; x_wconf 86' lang='lat' dir='ltr'>regularis</span> <span class='ocrx_word' id='word_1_200' title='bbox 854 2398 1032 2443; x_wconf 65' lang='lat' dir='ltr'>aeque,</span> <span class='ocrx_word' id='word_1_201' title='bbox 1072 2397 1126 2427; x_wconf 88' lang='lat' dir='ltr'>ac</span> <span class='ocrx_word' id='word_1_202' title='bbox 1165 2381 1342 2427; x_wconf 89' lang='lat' dir='ltr'>stabilis</span> <span class='ocrx_word' id='word_1_203' title='bbox 1378 2381 1571 2427; x_wconf 83' lang='lat' dir='ltr'>Militiae</span> <span class='ocrx_word' id='word_1_204' title='bbox 1599 2381 1788 2426; x_wconf 83' lang='lat' dir='ltr'>alteram</span> 
     </span>
     <span class='ocr_line' id='line_1_31' title="bbox 202 2448 1792 2511; baseline -0.004 -11"><span class='ocrx_word' id='word_1_205' title='bbox 202 2453 411 2500; x_wconf 83' lang='lat' dir='ltr'>Confinia</span> <span class='ocrx_word' id='word_1_206' title='bbox 451 2453 625 2497; x_wconf 84' lang='lat' dir='ltr'>faciunt</span> <span class='ocrx_word' id='word_1_207' title='bbox 660 2453 778 2511; x_wconf 81' lang='lat'>(53)</span> <span class='ocrx_word' id='word_1_208' title='bbox 808 2451 972 2496; x_wconf 90' lang='lat' dir='ltr'>dudum</span> <span class='ocrx_word' id='word_1_209' title='bbox 1001 2450 1204 2510; x_wconf 90' lang='lat' dir='ltr'>alioquin</span> <span class='ocrx_word' id='word_1_210' title='bbox 1243 2448 1377 2494; x_wconf 90' lang='lat' dir='ltr'>nobis</span> <span class='ocrx_word' id='word_1_211' title='bbox 1419 2451 1622 2508; x_wconf 67' lang='lat' dir='ltr'>cognita,</span> <span class='ocrx_word' id='word_1_212' title='bbox 1674 2464 1792 2510; x_wconf 90' lang='lat' dir='ltr'>pro-</span> 
     </span>
     <span class='ocr_line' id='line_1_32' title="bbox 198 2515 1788 2580; baseline -0.003 -15"><span class='ocrx_word' id='word_1_213' title='bbox 198 2520 409 2580; x_wconf 90' lang='lat' dir='ltr'>bataque.</span> <span class='ocrx_word' id='word_1_214' title='bbox 451 2520 551 2564; x_wconf 77' lang='lat' dir='ltr'>Nec</span> <span class='ocrx_word' id='word_1_215' title='bbox 595 2521 715 2564; x_wconf 90' lang='lat' dir='ltr'>enim</span> <span class='ocrx_word' id='word_1_216' title='bbox 752 2519 1000 2574; x_wconf 67' lang='lat' dir='ltr'>Baronum,</span> <span class='ocrx_word' id='word_1_217' title='bbox 1060 2517 1400 2562; x_wconf 83' lang='lat' dir='ltr'>limitaneorum</span> <span class='ocrx_word' id='word_1_218' title='bbox 1437 2515 1788 2562; x_wconf 83' lang='lat' dir='ltr'>Praefectorum</span> 
     </span>
     <span class='ocr_line' id='line_1_33' title="bbox 200 2584 1792 2648; baseline -0.002 -16"><span class='ocrx_word' id='word_1_219' title='bbox 200 2587 482 2648; x_wconf 87' lang='lat' dir='ltr'>reliquorum</span> <span class='ocrx_word' id='word_1_220' title='bbox 512 2587 634 2631; x_wconf 83' lang='lat' dir='ltr'>aliud</span> <span class='ocrx_word' id='word_1_221' title='bbox 661 2586 906 2647; x_wconf 81' lang='lat' dir='ltr'>aliquando</span> <span class='ocrx_word' id='word_1_222' title='bbox 934 2601 1046 2647; x_wconf 87' lang='lat' dir='ltr'>prae</span> <span class='ocrx_word' id='word_1_223' title='bbox 1074 2585 1220 2630; x_wconf 88' lang='lat' dir='ltr'>altero</span> <span class='ocrx_word' id='word_1_224' title='bbox 1258 2590 1357 2629; x_wconf 79' lang='lat' dir='ltr'>erat</span> <span class='ocrx_word' id='word_1_225' title='bbox 1385 2584 1613 2642; x_wconf 69' lang='lat' dir='ltr'>Officium,</span> <span class='ocrx_word' id='word_1_226' title='bbox 1658 2599 1792 2644; x_wconf 89' lang='lat' dir='ltr'>quam</span> 
     </span>
     <span class='ocr_line' id='line_1_34' title="bbox 200 2651 1791 2716; baseline -0.003 -17"><span class='ocrx_word' id='word_1_227' title='bbox 200 2657 440 2716; x_wconf 88' lang='lat' dir='ltr'>imperium</span> <span class='ocrx_word' id='word_1_228' title='bbox 469 2655 666 2699; x_wconf 87' lang='lat' dir='ltr'>militare</span> <span class='ocrx_word' id='word_1_229' title='bbox 694 2656 738 2699; x_wconf 92' lang='lat' dir='ltr'>in</span> <span class='ocrx_word' id='word_1_230' title='bbox 780 2669 897 2709; x_wconf 67' lang='lat' dir='ltr'>eos,</span> <span class='ocrx_word' id='word_1_231' title='bbox 949 2653 1112 2714; x_wconf 86' lang='lat' dir='ltr'>quibus</span> <span class='ocrx_word' id='word_1_232' title='bbox 1156 2652 1238 2697; x_wconf 85' lang='lat' dir='ltr'>sul)</span> <span class='ocrx_word' id='word_1_233' title='bbox 1291 2651 1575 2709; x_wconf 84' lang='lat' dir='ltr'>obligatione</span> <span class='ocrx_word' id='word_1_234' title='bbox 1622 2651 1791 2696; x_wconf 88' lang='lat' dir='ltr'>limites</span> 
     </span>
     <span class='ocr_line' id='line_1_35' title="bbox 200 2718 1788 2782; baseline -0.003 -14"><span class='ocrx_word' id='word_1_235' title='bbox 200 2722 351 2782; x_wconf 82' lang='lat' dir='ltr'>Regni</span> <span class='ocrx_word' id='word_1_236' title='bbox 379 2721 570 2779; x_wconf 72' lang='lat' dir='ltr'>tutandi,</span> <span class='ocrx_word' id='word_1_237' title='bbox 610 2722 789 2780; x_wconf 67' lang='lat' dir='ltr'>domus,</span> <span class='ocrx_word' id='word_1_238' title='bbox 840 2735 1041 2781; x_wconf 85' lang='lat' dir='ltr'>ruraque</span> <span class='ocrx_word' id='word_1_239' title='bbox 1076 2721 1171 2778; x_wconf 88' lang='lat' dir='ltr'>jam</span> <span class='ocrx_word' id='word_1_240' title='bbox 1209 2719 1315 2765; x_wconf 89' lang='lat' dir='ltr'>olim</span> <span class='ocrx_word' id='word_1_241' title='bbox 1366 2718 1498 2764; x_wconf 88' lang='lat' dir='ltr'>suere</span> <span class='ocrx_word' id='word_1_242' title='bbox 1537 2721 1788 2779; x_wconf 82' lang='lat' dir='ltr'>assignata.</span> 
     </span>
    </p>
   </div>
   <div class='ocr_carea' id='block_1_7' title="bbox 199 2821 469 2828">
    <p class='ocr_par' dir='ltr' id='par_1_7' title="bbox 199 2821 469 2828">
     <span class='ocr_line' id='line_1_36' title="bbox 199 2821 469 2828; baseline 0 315"><span class='ocrx_word' id='word_1_243' title='bbox 199 2821 469 2828; x_wconf 95' lang='lat' dir='ltr'> </span> 
     </span>
    </p>
   </div>
   <div class='ocr_carea' id='block_1_8' title="bbox 240 2863 461 2906">
    <p class='ocr_par' dir='ltr' id='par_1_8' title="bbox 240 2863 461 2906">
     <span class='ocr_line' id='line_1_37' title="bbox 240 2863 461 2906; baseline -0.005 -7"><span class='ocrx_word' id='word_1_244' title='bbox 240 2863 272 2906; x_wconf 60' lang='grc' dir='ltr'>ὃ)</span> <span class='ocrx_word' id='word_1_245' title='bbox 301 2865 402 2900; x_wconf 86' lang='grc'>1715.</span> <span class='ocrx_word' id='word_1_246' title='bbox 427 2866 461 2900; x_wconf 85' lang='grc'>8.</span> 
     </span>
    </p>
   </div>
  </div>
 </body>
</html>
