1941 3143
1635 88 1699 136 83

117 205 267 252 solute
292 201 660 250 exercendorum
677 201 851 248 Jurium
866 202 1263 261 Majestaticorum
1287 206 1464 260 partem
1480 201 1599 261 Regi
1615 215 1701 263 per

118 273 357 320 solennem
395 272 516 316 sacri
553 269 704 328 Regni
743 270 1012 316 diadematis
1050 271 1395 331 impositionem
1432 272 1703 316 accrevisse

117 337 356 385 docebant.
397 338 445 384 Si
484 338 604 383 enim
640 338 773 396 loges
812 337 1008 389 serendi„
1046 335 1315 395 abrogandi„
1367 335 1701 395 interpretandi

116 413 325 467 potestas
377 406 577 464 Principi
627 411 799 449 tantum
858 406 1156 463 legitime
1223 409 1547 449 coronato
1601 417 1703 446 cum

117 472 335 528 Statibusff
373 478 420 517 et
457 470 702 517 Ordinibus
730 474 983 517 communis
1010 486 1118 518 esse
1161 471 1221 529 ³)‚
1261 472 1300 516 si
1341 471 1549 514 eminens
1574 468 1704 525 illud,

118 548 252 601 atque
291 540 581 586 exclusivum
618 538 700 583 Jus
737 541 916 597 regium
953 540 1200 599 privilegia
1247 535 1520 582 conferendi
1556 548 1706 597 penes

117 608 262 654 solam
285 607 492 666 legitime
521 614 790 651 coronatam
816 606 1011 665 Regiam
1036 606 1331 663 Majestatem
1357 617 1634 664 permanere
1661 601 1706 661 ¹³)

118 676 356 729 statuitur‚
404 675 443 718 si
479 687 573 718 non
611 680 700 717 tam
739 672 795 717 ad
832 673 1190 733 auspicandum,
1238 685 1372 732 quam
1408 670 1618 730 legibus,
1657 675 1706 715 et

117 743 263 802 pactis
290 742 456 786 mutuis
485 739 789 785 conformiter
814 739 1191 800 prosequendum
1215 737 1463 798 Imperium
1480 738 1707 783 inomisse

118 806 415 869 requirebant
440 808 589 867 legeS.
618 815 667 853 ut
693 805 946 852 Coronatio
972 809 1062 853 ritu
1088 807 1230 864 legali
1257 804 1464 850 obtineat
1507 805 1566 862 ⁶),
1593 816 1707 849 sane

115 877 219 933 jure
258 874 406 929 aliud,
445 881 490 919 et
529 889 629 918 cum
665 876 867 919 veritate
905 875 1191 934 propugnari
1227 874 1311 917 vix
1351 877 1536 930 potest‚
1575 884 1710 930 quam

122 941 243 1002 quod
288 940 597 985 haereditario
644 941 765 999 Regi
801 966 867 973 —
903 942 1173 1001 praemissis
1224 938 1403 997 Regiae
1453 937 1710 983 Potestatis
1762 976 1764 978 ,

124 1008 350 1053 attributis
376 1008 566 1067 reliquis
594 1009 872 1053 inconcusse
898 1008 1007 1054 licet
1032 1005 1408 1068 permanentibus
1425 1029 1492 1037 —
1514 1005 1708 1049 exerci-

124 1077 231 1118 tium
271 1076 418 1120 omnis
456 1074 754 1133 plenitudinis
783 1073 963 1131 Regiae
991 1075 1244 1119 Potestatis
1282 1086 1365 1132 per
1405 1079 1556 1117 actum
1580 1072 1710 1130 legi-

121 1141 258 1183 timae
297 1140 625 1184 Coronationis
665 1143 786 1185 omni
825 1143 895 1186 sui
932 1149 1062 1201 parte
1102 1141 1372 1185 accesserit.
1422 1138 1577 1198 Atque
1616 1140 1709 1183 isto

123 1207 307 1250 omnino
335 1219 477 1250 sensu
505 1203 699 1251 Comitia
740 1221 998 1266 supremam
1036 1213 1317 1267 potestatem
1344 1204 1399 1249 de
1424 1204 1532 1263 lege
1557 1204 1713 1264 Regni

123 1272 236 1317 solis
273 1272 481 1330 legitime
520 1274 758 1317 coronatis
797 1273 1004 1331 Regibus
1043 1280 1312 1333 competere
1352 1271 1508 1317 dicunt
1548 1269 1609 1329 ³).

837 1370 884 1425 ξ.
925 1372 1003 1417 94.

502 1449 581 1495 Ad
619 1450 1014 1495 Cor-ouationem
1051 1448 1334 1507 leqe'tae‘mam.

259 1545 529 1607 Ubicunque
568 1548 780 1592 coronati
818 1547 964 1607 Regis
1005 1548 1177 1592 mentio
1216 1548 1261 1592 in
1287 1544 1471 1608 legibus
1500 1547 1705 1592 occurrit

124 1613 229 1658 huic
270 1611 490 1658 Ἐπίθετον
540 1615 555 1659 l
581 1628 605 1658 e
633 1630 663 1673 g
690 1616 702 1659 i
728 1621 745 1659 t
773 1616 786 1658 i
812 1629 853 1659 m
880 1629 905 1658 e
971 1614 1071 1659 fere
1124 1628 1309 1674 semper
1358 1613 1560 1660 additum
1609 1614 1717 1660 illas

124 1681 390 1727 revolventi
416 1683 627 1740 protinus
668 1681 922 1742 apparebit.
950 1681 1051 1727 Hoc
1076 1689 1228 1726 autem
1251 1680 1513 1739 significatu
1540 1695 1605 1742 op
1622 1695 1717 1726 or-

125 1755 219 1793 tet
257 1750 568 1808 imprimis
608 1748 913 1793 absolute
964 1749 1179 1793 illum
1231 1749 1299 1792 in
1326 1763 1350 1792 a
1375 1763 1404 1792 u
1430 1762 1460 1807 g
1484 1762 1513 1792 u
1538 1762 1561 1792 r
1587 1762 1612 1792 a
1637 1762 1660 1791 r
1684 1750 1717 1804 i,

127 1830 295 1875 quem
334 1814 671 1860 stabilitus
721 1814 1113 1860 succedendi
1164 1814 1313 1860 ordo
1354 1814 1717 1861 immediate

123 1897 146 1927 a
165 1882 192 1926 d
243 1897 314 1942 gu
329 1881 355 1926 b
371 1897 394 1926 e
411 1897 433 1926 r
448 1897 476 1926 n
495 1896 518 1926 a
535 1897 557 1926 c
574 1897 601 1925 u
617 1882 630 1926 l
648 1896 671 1926 a
722 1895 793 1927 vo
813 1897 836 1926 c
854 1897 878 1926 a
894 1889 934 1937 t„
991 1896 1095 1926 nam
1145 1881 1267 1927 Istud
1318 1883 1357 1927 si
1404 1880 1715 1940 desideretur7

122 1948 197 1993 fac
234 1962 564 2009 supponamus,
601 1948 780 2008 reliqua
818 1947 1003 2005 adesse7
1043 1956 1088 1993 et
1127 1948 1372 1994 observari
1400 1963 1460 1994 ex
1492 1947 1716 2006 moribus,

123 2018 427 2076 institutoque
465 2015 691 2074 MaJorum
730 2019 903 2061 omnia:
945 2015 1199 2061 Coronatio
1239 2022 1441 2061 attamen
1479 2014 1599 2061 haud
1623 2031 1718 2062 un-

125 2098 259 2143 quam
282 2084 487 2142 legitima
514 2082 747 2128 reddetur.
789 2082 1016 2128 Deinde
1052 2089 1111 2128 ut
1149 2085 1202 2128 in
1239 2082 1484 2143 publico
1524 2083 1719 2143 Regni

127 2150 441 2195 Conventa
490 2151 654 2195 Intra
703 2149 895 2210 Regni
948 2149 1237 2196 ambitum
1292 2164 1464 2196 sacra
1514 2150 1719 2210 Regni

127 2215 280 2261 Coro
297 2231 325 2261 n
343 2231 384 2273 a‚
411 2215 457 2261 id
487 2224 559 2263 est
594 2232 649 2263 ea
675 2219 791 2278 ipsa,
815 2232 902 2278 qua
928 2217 1185 2264 venerandi
1205 2218 1476 2277 Protoregis
1502 2224 1718 2279 tempora

126 2282 337 2329 redimita
376 2282 523 2343 fuere,
560 2287 694 2331 ritu
730 2285 932 2345 legali
967 2293 1309 2346 peragatur.

400 2482 564 2540 Reqm·
602 2482 807 2527 Corona
843 2493 1040 2539 semper
1073 2480 1437 2540 requirebatur.

270 2576 442 2623 Cuncta
490 2577 606 2624 haec
654 2577 1025 2626 fundamentales
1075 2580 1346 2637 sanctiones
1396 2581 1612 2632 monent,
1665 2587 1722 2619 ac

176 2687 206 2720 ί’)
234 2687 324 2720 vide
352 2692 432 2728 post
451 2690 539 2721 alios
564 2691 715 2724 Palmar.
736 2695 802 2724 art.
828 2692 880 2723 12.
909 2691 1008 2723 1791.

176 2732 210 2773 by
238 2734 355 2765 Instar
374 2735 531 2767 omnium
552 2737 600 2768 sit
619 2739 678 2771 cit.
703 2741 768 2770 art.
795 2739 849 2771 12.
875 2737 977 2771 1791.

177 2782 208 2813 υ)
238 2781 338 2812 1791.
364 2782 396 2812 2.

176 2825 208 2864 ¹¹)
240 2826 340 2859 1741.
367 2826 397 2858 4,
421 2829 455 2858 et
480 2829 510 2861 5.
