1941 3143
202 68 296 116 164

897 179 943 234 ὃ.
985 180 1097 226 224.

463 265 654 322 Regiae
691 264 954 320 Majestatc'
986 267 1186 309 minime
1222 265 1495 312 adversum.

334 345 723 405 Adisquisitione
756 345 811 390 de
839 345 1083 403 judiciaria
1112 346 1304 394 Palatini
1332 348 1569 393 activitate
1588 346 1789 408 quando⁷

197 420 244 459 et
274 428 549 474 quacunque
583 414 653 458 sui
679 419 813 473 parte
851 415 1059 460 exercita
1089 416 1272 461 minime
1302 415 1502 464 abludit„
1534 414 1790 475 obligatio-

200 495 306 526 nem
336 480 442 539 lege
466 479 728 537 Albertina‚
769 486 860 525 tum
885 482 1091 528 tardiore
1112 482 1334 528 Uladislai
1368 482 1423 528 ΙΙ.
1469 483 1509 541 ²)
1542 481 1791 539 definitam,

198 548 534 598 ,Iudiciunn
573 554 634 592 et
670 546 1006 595 Justitiam
1044 565 1115 595 ex
1160 557 1336 612 parte
1390 550 1626 611 Regiae
1673 549 1791 595 Ma-

192 616 454 672 Jestatis
492 614 896 674 RegnicoliS.
938 624 991 663 et
1027 620 1316 664 vicissim
1356 617 1648 667 faciendi„
1682 624 1791 663 tan-

196 684 343 742 tiSper
397 684 681 727 examinare.
754 681 1040 731 Invidiosum
1084 693 1155 731 est
1214 688 1517 746 caeteroquin
1560 686 1790 731 Grossin-

195 751 298 809 geri
339 749 383 807 b)
427 756 751 807 commentum,
794 752 940 807 nullo,
979 753 1057 798 vel
1102 761 1281 799 remoto
1331 753 1528 813 quodam
1572 752 1789 812 exemplo

195 817 561 877 comprobatmm
600 817 718 862 hanc
739 819 1115 876 Jurisdictionem
1152 823 1197 866 in
1228 821 1378 866 Patria
1420 820 1790 881 quandocunque

191 883 317 929 illam
354 886 518 930 tulisse
549 886 1002 946 interpretatIOneim
1042 890 1174 948 quasi
1205 888 1364 946 Reges
1396 894 1588 932 nostros
1605 886 1788 931 Judicio

191 953 327 1012 primi
359 951 662 1011 Magistratus
718 960 843 999 stare
886 956 1188 1015 oportuisset.
1266 953 1584 1000 Commentum
1620 979 1688 987 —
1713 955 1791 998 in-

194 1019 548 1080 quam—quod
582 1035 670 1064 nec
701 1020 848 1080 Reg1s
890 1023 1244 1077 sanctimoniae,
1272 1029 1318 1067 et
1348 1022 1630 1078 auctoritati,
1671 1035 1790 1081 quae

193 1089 423 1132 neminem
469 1089 760 1147 superiorem
799 1089 844 1132 in
889 1088 1056 1149 Regno
1095 1091 1296 1150 patitur,
1341 1104 1430 1135 nec
1482 1104 1584 1135 cum
1636 1087 1788 1148 Regni

194 1156 529 1200 constitutIOne
557 1169 738 1214 quaqua
771 1154 949 1201 demum
977 1158 1161 1202 ratione
1187 1158 1428 1203 conciliari
1456 1164 1627 1219 potest.
1657 1155 1788 1202 Con-

192 1229 284 1268 stat
313 1236 429 1268 vero
458 1221 694 1267 Palatinos
721 1222 827 1268 alibi
858 1238 1061 1285 quoque,
1101 1239 1155 1269 ac
1180 1227 1454 1286 praeprimis
1488 1224 1608 1285 apud
1635 1223 1789 1268 Fran-

192 1304 293 1347 cos7
327 1289 449 1335 unde
480 1289 808 1351 homonymam
851 1291 1119 1352 dignitatem
1161 1292 1217 1337 ad
1259 1307 1344 1338 nos
1383 1294 1628 1345 transiisse
1674 1290 1787 1335 alias

191 1356 576 1414 observaverant,
614 1358 765 1416 (205)
801 1358 856 1404 de
883 1363 1064 1417 causis„
1104 1373 1222 1420 quae
1263 1359 1459 1420 Regiam
1488 1359 1789 1418 Dignitatem„

190 1425 269 1471 vel
308 1425 537 1486 publicam
566 1425 809 1471 utilitatem
839 1426 1129 1488 spectabant„
1155 1427 1415 1484 judicasse,
1440 1428 1705 1485 missosque
1732 1423 1789 1470 ad

191 1493 400 1552 singulas
431 1492 532 1538 fere
558 1494 762 1550 majores
788 1493 975 1555 Imperii
999 1495 1271 1540 Provincias
1296 1510 1380 1555 pro
1412 1494 1668 1553 designatis
1693 1505 1786 1538 non

189 1561 357 1617 minus,
399 1575 453 1604 ac
477 1562 766 1621 privatorum
793 1561 974 1622 Litigiis
1016 1576 1233 1624 supremo
1263 1561 1375 1608 Jure
1412 1564 1552 1609 vice
1591 1560 1786 1619 Regia

190 1627 541 1688 cognoscendis
584 1628 642 1686 ⁰).
684 1627 810 1673 ldem
841 1644 943 1675 mos
971 1631 1219 1676 Antenatis
1247 1632 1441 1686 nostris,
1481 1627 1643 1674 eadem
1678 1626 1786 1672 olim

190 1694 344 1740 suerat
369 1695 678 1741 consvetudo.
719 1695 835 1742 Nam
864 1697 1017 1757 Regni
1046 1697 1312 1757 Hungariae
1332 1698 1603 1752 Palatinum,
1631 1696 1787 1756 qui—-

188 1764 254 1808 uti
271 1763 432 1809 Simon
459 1762 515 1808 de
532 1762 659 1808 Keza
684 1763 838 1822 aJebat
881 1762 1005 1823 ²¹)——
1029 1780 1138 1827 pro
1169 1765 1462 1811 utilitate
1488 1762 1785 1809 Nobilium

186 1830 586 1891 praeficitur,
625 1830 759 1891 Rege
789 1833 1008 1894 impedito
1049 1832 1132 1879 sub
1166 1834 1330 1878 annuis
1362 1833 1451 1879 illis
1482 1832 1529 1878 S.
1562 1828 1785 1890 Stephani

188 1896 335 1956 Regis
388 1897 614 1943 solenniis
634 1933 647 1953 ‚
699 1913 893 1958 quorum
942 1902 1127 1946 memini
1147 1934 1159 1956 a
1211 1900 1574 1957 Regnicolarum
1618 1909 1783 1941 causas

190 1964 444 2010 audiendas
484 1964 736 2019 habuisse„
775 1966 936 2011 Bullae
967 1980 1138 2010 aureae
1171 1972 1254 2009 art.
1299 1964 1351 2015 L„
1390 1966 1478 2010 alia
1517 1966 1643 2015 item,
1677 1962 1783 2007 col-

186 2032 443 2077 lectionem
482 2031 724 2078 domestici
757 2032 932 2079 codicis
975 2032 1096 2078 haud
1135 2035 1379 2092 ingressa„
1408 2031 1698 2077 Documenta
1741 2030 1781 2085 ⁶)

188 2098 357 2146 affatim
395 2098 657 2162 perhibent.

879 2200 925 2255 §.
967 2200 1079 2246 225.

368 2285 591 2329 Accessit
618 2286 856 2342 perpetui
887 2285 1125 2342 Supremz‘
1162 2284 1367 2329 Comitis
1403 2282 1594 2328 Munus.

325 2364 452 2410 Ultra
492 2365 871 2426 Praerogativas,
922 2373 1012 2412 tam
1045 2365 1284 2427 multiplici
1316 2365 1579 2411 auctoritati
1617 2367 1780 2421 suapte

229 2491 263 2531 ὲ)
291 2490 390 2524 1439.
416 2494 447 2524 2.
473 2507 520 2513 ·-·
545 2492 646 2527 1492.
673 2494 729 2528 33.

228 2540 264 2576 ¹³)
292 2540 382 2570 Jnre
410 2538 510 2573 Publ.
539 2542 624 2581 Reg.
650 2542 769 2582 flung.
797 2541 834 2574 C.
861 2542 892 2574 2,
919 2539 948 2581 ξ.
975 2541 1028 2572 75.
1058 2540 1091 2571 in
1119 2543 1215 2571 nota.

225 2586 259 2627 ο)
285 2587 343 2618 Du
372 2587 510 2620 Fresne
534 2589 693 2621 Dissert.
722 2598 800 2620 aux.
824 2586 961 2620 Rem-x.
989 2596 1054 2617 sur
1074 2586 1260 2618 l'Histoire
1291 2586 1334 2618 de
1364 2585 1400 2619 S.
1429 2583 1550 2616 Louis,
1576 2581 1689 2615 Paris.
1716 2581 1780 2613 An.

290 2633 392 2666 1819.
433 2631 471 2666 T.
513 2635 546 2668 3.
581 2645 613 2676 p.
652 2636 730 2668 262.
767 2639 803 2668 et
828 2644 902 2675 seq
932 2649 970 2656 --
998 2633 1101 2665 Cous.
1127 2633 1303 2665 Huicman
1329 2632 1371 2665 de
1398 2631 1482 2664 Ord.
1508 2634 1543 2663 et
1572 2628 1640 2662 Off.
1666 2628 1778 2660 Palat.

224 2727 261 2769 ⁴1)
287 2726 381 2759 Edit.
407 2724 566 2767 Horany.
594 2736 623 2767 p.
652 2724 728 2759 1'43.
757 2729 788 2759 in
818 2725 976 2766 Append.
1004 2723 1032 2764 5.
1060 2727 1092 2758 2.
1119 2726 1161 2757 de
1188 2724 1417 2756 L'dvornicis.

222 2776 257 2817 c)
284 2774 364 2806 vid.
391 2774 500 2806 Decr.
528 2773 640 2813 ejusd.
669 2774 759 2807 And.
785 2781 896 2813 supra
924 2771 983 2804 cit.
1010 2773 1054 2803 de
1080 2773 1183 2803 Anno
1208 2772 1309 2805 1231.
1340 2774 1378 2803 et
1404 2770 1557 2802 alterum
1584 2767 1626 2799 ad
1654 2764 1774 2807 9198,

290 2821 347 2854 cit.
371 2821 414 2854 de
433 2822 539 2854 Anno
567 2819 668 2853 1233.
