1941 3143
214 61 279 108 66

272 170 321 224 ᾗ)
354 170 400 209 In
433 168 646 218 anteriori,
679 169 828 222 quippe
861 170 935 209 A¹¹⁰
984 166 1092 208 1337
1123 165 1310 219 condito,
1353 169 1571 222 exponitur
1613 171 1810 226 „Regni

329 228 635 274 ..Bm-ones,
694 240 757 267 ac
809 224 1042 267 Nobiles
1100 226 1457 267 animositati
1511 229 1808 270 veritatem

331 286 554 329 ..merito
608 289 1041 336 praeponente8‚
1089 283 1139 324 in
1186 284 1350 324 unius
1399 285 1610 326 Domini
1656 287 1810 327 obse-

332 343 540 394 „quium
583 343 801 382 ratione
834 342 1061 394 praevia
1092 342 1434 390 convenisse,
1475 349 1520 382 et
1553 342 1810 397 diligenti

331 400 659 445 ..collatione
693 400 1013 451 praehabita
1045 422 1096 426 —
1131 398 1398 446 Carolum,
1431 412 1487 439 ac
1519 402 1810 451 posterita-

330 463 459 506 ,.tem
503 455 650 509 ejus,
701 464 863 509 prout
908 456 1122 510 regalis
1180 457 1470 497 Successio
1519 457 1713 511 exigit,
1756 459 1810 498 in

333 515 540 565 „Regem
572 513 906 565 Hungariae‚
953 527 1008 554 ac
1053 514 1347 554 naturalem
1394 514 1663 555 Dominum
1697 529 1811 567 per-

331 577 569 621 ..petuum
603 572 852 623 suscepis
869 573 965 614 se.“
998 595 1052 600 —
1072 571 1117 610 ln
1140 571 1284 617 altero,
1308 573 1412 623 quod
1435 572 1691 623 insequentis
1715 573 1813 612 anni

329 628 399 667 27.
422 627 671 667 Novembris
694 630 997 677 concinnatum,
1029 628 1288 680 publicorum
1319 629 1584 669 Notariorum
1635 628 1812 682 fidedig-

330 685 456 724 nitate
482 686 646 735 nititur,
669 687 768 726 haec
790 687 1054 739 potissimum
1077 687 1200 726 verba
1218 687 1450 735 exercitam,
1479 692 1814 738 reservatamque

327 741 507 793 eligendi
542 743 774 784 libertatem
809 750 1145 797 repraesentant:
1191 744 1476 793 „Placebat
1522 745 1626 793 eis,
1675 745 1814 796 quod

328 799 534 849 ‚,illum‚
568 813 715 851 quem
748 802 857 853 ipsi
890 815 945 842 ex
976 801 1223 853 antiquo,
1255 807 1302 840 et
1333 802 1632 852 approbato
1665 800 1813 855 ejus-

327 857 462 906 „dem
505 857 672 910 Regni
714 872 858 898 more
905 863 1274 907 vocaverant,
1315 864 1361 896 et
1404 858 1453 896 in
1495 857 1683 910 Regem
1726 872 1811 898 as-

327 921 679 964 „sumserant‚
735 929 825 956 nec
868 929 967 956 non
1018 915 1118 954 illa
1170 915 1340 966 Reges
1390 913 1706 965 Hungariae
1753 915 1812 953 de

326 985 497 1021 „vera
543 972 719 1025 regali
772 972 1050 1025 progenie
1097 975 1461 1022 propagatos,
1515 983 1645 1022 quos
1699 971 1811 1023 ipsi

327 1030 714 1078 „unanimitem
761 1036 810 1069 et
856 1029 1207 1069 concorditer
1257 1028 1317 1066 de
1361 1027 1506 1066 dicta
1549 1028 1813 1080 progenie

325 1087 614 1135 ..ducerent
646 1087 976 1139 eligendos.“
1008 1085 1224 1125 Posterius
1257 1084 1367 1124 istud
1406 1085 1691 1125 documentum
1725 1084 1812 1125 ca-

323 1142 441 1182 rolus
458 1143 627 1196 Pe'terfy
649 1143 714 1196 ἐ·);
756 1143 875 1195 prius
897 1142 1064 1182 allatum
1094 1155 1192 1182 vero
1226 1155 1247 1182 e
1280 1141 1581 1193 Manuscriptis
1614 1141 1812 1194 Stephani

321 1198 540 1252 Kaprinay
584 1200 794 1241 Martinus
831 1199 1040 1254 Georgius
1079 1197 1315 1240 Kovachich
1345 1199 1389 1253 ¹³)
1431 1199 1554 1251 primi
1598 1198 1638 1239 in
1681 1199 1811 1239 lucem

323 1257 564 1300 emiserunt.

633 1383 1008 1444 Styz‘smundm,
1049 1394 1098 1431 et
1129 1384 1371 1433 filbertus,

348 1467 570 1515 Similiter
624 1469 787 1513 animis
842 1467 900 1513 ad
938 1467 1238 1513 concordiam
1284 1467 1490 1512 reductis
1543 1466 1811 1526 sigismun-

215 1538 272 1583 do
299 1537 338 1595 ⁰)
361 1572 373 1591 .
415 1535 684 1597 sedatisque
714 1535 880 1580 dudum
922 1536 1208 1581 aemulorum
1234 1534 1573 1591 moliminibus.
1612 1532 1809 1580 Alberto

209 1606 432 1653 Austriae
459 1605 578 1649 Duci
622 1602 664 1663 d)
693 1602 847 1663 Regni
874 1603 1190 1664 gubernacula
1219 1619 1243 1649 a
1268 1603 1417 1649 libero
1445 1603 1661 1665 praecise
1689 1615 1811 1646 con-

211 1688 355 1721 sensu
380 1672 596 1718 Nationis
626 1671 952 1729 obvenerunt,
994 1687 1129 1733 quem
1169 1687 1336 1733 nempe
1373 1670 1640 1731 Hungariae
1674 1668 1811 1716 Ordi-

208 1756 294 1787 nes
323 1740 379 1785 ad
404 1740 511 1786 illos
553 1741 600 1785 in
642 1753 883 1800 generos,
925 1755 979 1785 ac
1016 1740 1336 1787 Successores
1373 1737 1681 1786 assumendos
1709 1735 1813 1782 Re-

208 1810 344 1869 gibus
374 1810 503 1865 suis‚
541 1808 749 1855 masculo
788 1807 994 1854 haerede
1031 1807 1295 1865 destitutis,
1335 1809 1531 1869 praevie
1568 1804 1808 1852 dederant.

207 1876 291 1924 His
319 1877 593 1934 exstinctis,
634 1876 868 1922 electione
897 1876 1050 1922 denuo
1079 1876 1412 1923 confirmarunt
1454 1876 1512 1934 ²).

936 1975 983 2030 ς.
1013 1975 1092 2020 64.

207 2062 500 2119 Horamque
524 2059 856 2105 Successor-es
884 2071 946 2104 ea:
975 2071 1221 2104 consensu
1255 2056 1491 2104 Orde'zmm
1517 2067 1806 2116 remearunt.

345 2142 512 2187 Fuisse
550 2155 725 2205 porro.
777 2142 1084 2186 renunciante
1123 2142 1252 2202 prius
1293 2138 1351 2185 ad
1390 2154 1547 2185 casum
1587 2140 1811 2186 nascituri

209 2212 289 2257 filii
314 2210 609 2269 Elisabetha‚
650 2209 834 2257 Alberti
875 2207 965 2254 filia
1006 2215 1114 2270 post
1141 2208 1355 2271 publicos
1396 2208 1660 2266 Tractatus,
1687 2206 1808 2253 vla-

250 2327 282 2361 a)
311 2326 559 2357 Conciliorum
585 2325 703 2366 Hung.
721 2325 762 2356 T.
781 2324 804 2356 1.
828 2332 859 2364 p.
882 2321 960 2357 149.
984 2326 1021 2355 et
1043 2327 1208 2366 sequent.

248 2372 284 2413 ¹¹)
310 2373 411 2405 Vezt.
440 2372 565 2403 Comit.
590 2381 641 2413 ap.
666 2372 785 2411 Hung.
810 2379 840 2411 p.
867 2371 942 2403 157.

250 2421 281 2460 c)
310 2420 410 2451 Conf.
434 2420 613 2451 Thurocz.
632 2419 764 2450 Chron.
790 2417 830 2448 P.
853 2417 912 2449 IV.
934 2417 972 2449 C.
999 2417 1059 2449 111.
1084 2434 1131 2440 ·—
1157 2415 1318 2449 Vindeck
1346 2423 1522 2447 coaevum
1546 2413 1580 2446 in
1602 2413 1675 2445 vita
1699 2411 1815 2453 Sigis-

316 2466 436 2497 mundi
464 2476 515 2507 ap.
541 2466 696 2497 Menken
717 2464 851 2505 Script.
882 2474 950 2496 rer.
969 2474 1084 2505 germ.
1109 2465 1150 2496 Τ.
1175 2465 1199 2496 1.
1227 2473 1259 2505 p.
1281 2463 1382 2496 1074.
1408 2462 1534 2503 Stepn.
1560 2461 1697 2492 Kalena
1719 2459 1817 2492 nist.

321 2513 400 2544 crit.
426 2514 516 2552 Reg.
537 2513 653 2553 Hnng.
682 2512 722 2544 T.
746 2511 806 2543 xl.
827 2521 902 2552 pag.
923 2509 1003 2545 234.

249 2559 283 2600 d)
309 2560 387 2591 vid.
413 2560 475 2591 Lit.
500 2559 630 2591 Elisab¹
657 2558 792 2590 Albert.
820 2558 971 2599 conjug,
1005 2568 1057 2600 ap·
1082 2558 1141 2589 Fr.
1170 2557 1231 2588 Ad.
1256 2554 1383 2587 Kolliu·
1407 2555 1440 2585 in
1471 2554 1634 2586 Analect.
1660 2562 1815 2584 monum.

315 2607 430 2639 omnis
452 2607 530 2638 aevi
555 2606 704 2638 Vindob.
729 2605 769 2636 Τ.
796 2606 828 2636 Β.
850 2615 881 2646 p.
899 2606 979 2637 915.
1004 2620 1050 2628 ·—
1078 2606 1166 2636 lteui
1187 2604 1363 2635 Chronica
1387 2602 1483 2633 illius
1507 2605 1613 2642 temp.
1636 2601 1815 2632 Tlmrocz.

312 2655 351 2686 P.
377 2652 409 2686 4.
432 2654 468 2685 C.
494 2654 549 2687 25.
581 2672 619 2677 —-
647 2654 751 2684 Aust.
777 2655 812 2684 et
837 2652 970 2684 Mellic.
992 2652 1156 2692 apHier.
1182 2652 1263 2681 Pez.
1283 2650 1322 2682 T.
1350 2652 1378 2682 1.
1400 2649 1419 2680 s.
1445 2647 1512 2681 734
1533 2652 1568 2680 et
1591 2645 1673 2680 756.
1702 2650 1737 2678 et
1762 2654 1817 2677 re-

315 2701 435 2742 liquis.
462 2701 551 2731 Post
577 2700 645 2731 lios
669 2709 757 2731 vero
779 2699 919 2731 Katona
943 2708 998 2740 op.
1025 2698 1083 2728 cit.
1104 2698 1144 2727 Τ.
1171 2697 1249 2729 xn.
1273 2706 1352 2737 pag.
1373 2696 1451 2727 82¹.

253 2745 286 2787 θ)
310 2748 407 2780 Haec
433 2747 560 2788 prolix.
585 2747 697 2778 illust.
723 2751 759 2778 et
780 2746 959 2778 demonst.
984 2744 1146 2786 reperies
1166 2744 1199 2775 iu
1224 2744 1356 2783 libello,
1380 2743 1436 2774 cui
1457 2741 1530 2772 Tit.
1551 2739 1711 2780 Disquia.
1734 2737 1817 2770 hist.

317 2795 360 2826 de
389 2794 495 2826 modo
529 2803 676 2834 conseq.
708 2803 840 2825 suumn.
864 2796 948 2834 lmp.
973 2802 1026 2833 ap.
1059 2791 1176 2831 Hung.
1208 2790 1242 2821 in
1269 2791 1310 2822 80
1335 2792 1438 2822 Anno
1459 2787 1561 2821 1820.
1588 2787 1711 2819 Budae
1736 2793 1816 2826 pro-

316 2850 426 2882 cus0‚
455 2850 474 2872 a
498 2839 529 2881 ξ.
558 2841 604 2872 28
626 2859 670 2865 -—
695 2840 750 2872 35.
