1941 3143
223 136 319 182 150

227 245 406 291 fructus
435 252 541 292 sunt
567 247 844 293 contermini
870 246 1005 293 nohis
1026 245 1167 293 Cives
1187 247 1573 304 NeostadienseS,
1600 247 1817 296 Pruken—

221 326 319 370 ses,
360 310 757 374 Haimburgenses
800 315 870 373 ³),
909 315 1014 360 dein
1053 315 1270 361 victualia
1308 314 1364 362 ad
1399 323 1551 361 castra
1587 315 1813 363 deferen-

221 387 293 427 tes
334 378 410 439 Ἲς
462 387 554 428 tum
596 381 815 429 Salinarii
861 389 1085 429 vectores
1126 381 1180 428 ab
1234 388 1340 429 octo
1380 383 1527 429 bobus
1561 383 1815 445 Jugalibus,

227 455 360 494 extra
388 448 602 510 Regnum
626 450 831 496 venditis
874 452 940 511 ⁰),
977 452 1189 497 universi
1227 450 1406 497 demum
1443 451 1618 514 absque
1645 452 1818 501 discri-

224 518 345 565 mine
370 516 520 563 relate
547 517 605 564 ad
629 532 707 565 res
734 516 855 564 infra
879 520 1017 565 unius
1045 517 1212 565 floreni
1236 519 1448 566 valorem
1490 517 1551 578 ἀ).

914 652 962 708 §.
1003 656 1116 702 574.

592 755 922 801 Consectarz‘a
946 755 1092 813 hujus
1120 755 1457 816 obleyatz'onzls‘.

361 851 577 914 Vectigal
612 854 701 898 rite
741 855 1041 901 constitutum
1082 854 1201 901 hanc
1238 857 1332 901 vim
1367 855 1536 912 habet,
1574 863 1623 902 ut
1660 858 1818 919 quiqui

226 921 282 967 ad
309 920 411 979 ejus
451 919 787 983 depensionem
829 922 1123 983 obligantur,
1162 937 1346 968 merces
1383 924 1503 983 apud
1529 924 1819 969 Tricesima-

227 996 374 1036 torem
403 989 541 1034 etiam
567 1004 662 1035 non
690 990 910 1036 admoniti
936 990 1177 1051 profiteri,
1219 998 1263 1036 et
1292 990 1492 1036 debitam
1519 994 1821 1051 quantitatem

226 1058 417 1105 solvere
444 1063 722 1114 teneantur,
762 1057 967 1118 alioquin
993 1071 1176 1103 merces
1207 1057 1263 1103 ob
1293 1057 1693 1105 defraudationem
1719 1062 1820 1121 ipso

219 1127 326 1185 jure
355 1127 622 1170 amittuntur
664 1125 706 1182 ⁰)
725 1159 737 1182 ,
777 1127 818 1171 si
846 1124 1137 1171 defraudatio
1168 1127 1227 1171 sit
1252 1125 1524 1183 manifesta,
1554 1134 1600 1173 et
1627 1126 1822 1173 defrau-

225 1194 359 1240 dator
405 1194 449 1237 in
487 1191 645 1250 facto,
686 1192 811 1254 quod
851 1195 1006 1253 ajunt,
1061 1194 1398 1256 deprehensus.
1454 1194 1570 1240 Nam
1610 1196 1650 1242 si
1686 1194 1822 1241 dubia

226 1268 324 1319 est,
364 1260 500 1306 altius
528 1259 681 1306 sorum
708 1261 892 1307 decidet
934 1259 1012 1321 Ἲς
1051 1261 1127 1308 uhi
1153 1277 1270 1309 vero
1309 1261 1676 1310 defraudationis
1703 1278 1821 1325 per-

225 1336 438 1392 petratae
482 1343 650 1387 casus,
698 1329 778 1376 vel
824 1344 919 1376 non
957 1345 1078 1377 vana
1120 1330 1287 1376 indicia
1329 1330 1504 1376 tardius
1544 1331 1821 1392 prodierint,

227 1398 391 1445 Fiscus
419 1397 728 1444 excedentem
755 1413 913 1444 coram
942 1398 1178 1444 ordinario
1208 1413 1292 1445 suo
1321 1398 1425 1445 soro
1455 1401 1722 1457 conveniat,
1752 1405 1825 1445 est

229 1480 430 1513 necesse
472 1466 534 1524 g).
587 1463 688 1512 Nec
727 1473 882 1512 tamen
918 1465 1191 1514 confiscatio
1228 1469 1450 1514 mercium
1478 1466 1535 1513 ob
1563 1482 1657 1514 non
1685 1469 1822 1515 solu-

229 1542 321 1580 tum
347 1533 554 1594 vectigal
578 1534 731 1580 locum
757 1534 930 1580 habere
956 1541 1115 1597 potest
1143 1538 1257 1583 citra
1293 1536 1433 1583 ullam
1453 1536 1635 1595 justam·
1655 1536 1823 1584 aerarii

229 1600 536 1650 defraudandi
568 1603 903 1666 suspicionem.

927 1739 975 1798 §.
1015 1740 1128 1788 575.

481 1835 612 1893 Quid
626 1846 898 1898 praeterea
926 1841 1064 1885 circa
1087 1851 1195 1886 rem
1219 1838 1583 1887 trz'cesz'malem.

366 1934 670 1998 Nequaquam
695 1939 742 1983 in
779 1939 882 1984 istis
908 1952 1025 2000 pure
1043 1971 1056 1994 ,
1096 1952 1214 1998 quae
1248 1939 1519 1999 provocatis
1555 1939 1601 1984 in
1626 1951 1722 1983 rem
1749 1937 1826 1983 le-

230 2004 366 2064 gibus
393 2006 717 2050 recensuimus
736 2038 748 2062 ,
790 2019 898 2049 cura
940 2004 1242 2050 Comitiorum
1286 2006 1407 2049 circa
1436 2020 1533 2051 rem
1561 2006 1828 2051 tricesima-

232 2072 323 2118 lem
352 2071 653 2128 substiterat3
694 2071 1063 2118 sollicitabantur
1090 2072 1164 2117 illa
1193 2071 1466 2134 frequenter
1505 2072 1559 2118 de
1589 2072 1712 2119 fideli
1738 2072 1827 2119 Of-

235 2138 481 2197 ficialium,
519 2146 801 2201 proventum
843 2138 965 2186 hunc
1001 2140 1211 2201 regalem
1252 2142 1632 2202 procurantium,
1671 2146 1718 2186 et
1744 2155 1830 2187 se-

236 2207 343 2254 dulo
384 2209 588 2254 muneris
627 2207 925 2270 implemento
970 2207 1045 2266 ¹¹),
1086 2223 1221 2270 quem
1260 2211 1304 2254 in
1332 2207 1468 2254 finem
1499 2208 1595 2266 jam
1624 2209 1830 2255 investi-

237 2278 454 2337 gationes
484 2275 713 2324 adversus
741 2290 970 2322 excessus
989 2311 1000 2322 .
1032 2279 1107 2337 qui
1134 2278 1386 2339 irrepsisse
1413 2276 1712 2334 ferebantur,
1735 2277 1831 2335 jam

239 2345 456 2392 diversae
483 2347 530 2392 in
557 2344 844 2391 excedentes
871 2359 957 2407 pro
986 2348 1168 2392 ratione
1208 2347 1600 2407 transgressionis
1627 2344 1827 2391 mulctae

280 2463 314 2496 ἃ)
341 2457 441 2492 1649.
471 2459 524 2493 13.

277 2514 316 2557 1²)
342 2514 443 2550 1545.
467 2517 522 2549 28.
546 2533 592 2541 --
618 2517 720 2549 1595.
747 2515 804 2550 46.
830 2537 875 2543 ——-
902 2516 1002 2552 1741.
1029 2519 1085 2552 63.
1110 2517 1138 2560 5.
1164 2519 1219 2552 28.
1243 2534 1289 2540 -
1316 2518 1416 2551 1805.
1444 2519 1473 2550 1.
1500 2514 1530 2558 5.
1553 2515 1610 2549 29.

279 2573 311 2609 ⁶)
337 2573 439 2607 1622.
467 2574 523 2606 68.
551 2591 590 2597 -
622 2573 722 2608 1655.
751 2575 831 2606 109.

277 2629 314 2671 d)
343 2630 443 2664 1492.
467 2631 522 2662 27.
548 2647 593 2651 —
622 2629 720 2663 1498.
749 2632 802 2664 29.
830 2651 874 2656 ——
905 2634 1003 2666 1553.
1032 2634 1085 2665 18.

278 2688 312 2727 c)
340 2688 439 2722 1609.
462 2690 515 2720 17.
540 2705 582 2709 ff
606 2687 710 2722 1613.
736 2691 787 2722 19.
811 2709 854 2714 —
878 2691 975 2722 1625.
999 2691 1052 2723 30.

280 2746 318 2786 s)
350 2747 450 2778 1715.
480 2747 533 2777 15.

281 2809 314 2841 s)
344 2804 396 2836 Ex
421 2803 541 2834 inerte
564 2803 640 2835 Art.
665 2804 718 2835 29.
741 2802 840 2835 1498.
865 2802 893 2843 5.
920 2804 951 2836 6.

281 2859 318 2901 h)
348 2858 446 2892 1405.
472 2861 526 2893 15.
550 2876 594 2882 -
623 2860 724 2894 1559.
755 2859 810 2892 411.
846 2877 891 2882 -
916 2861 1014 2894 1596.
1050 2861 1106 2894 50.
1144 2879 1186 2884 -—
1215 2859 1315 2893 1635.
1340 2861 1369 2892 1.
1398 2873 1442 2878 —
1473 2855 1500 2897 5.
1529 2858 1561 2889 5.
1589 2854 1690 2889 1647.
1722 2855 1777 2889 29.
1800 2861 1836 2890 et

349 2917 428 2951 aliis
457 2917 560 2961 legib.
