1941 3143
1587 104 1683 152 237

797 215 842 270 ξ.
884 216 994 262 732.

361 314 429 360 Et
466 312 652 359 Tabula
692 314 848 371 Regna
885 313 1165 359 Iudiciaria
1205 312 1406 359 coaluit.

233 409 407 456 Tabula
433 410 580 469 Regia
606 410 855 455 Judiciaria
888 410 1041 455 locum
1068 426 1092 455 a
1133 410 1477 472 Septemviratu
1514 412 1683 471 proxi-

98 492 217 522 mum
258 484 470 538 occupat,
512 480 585 522 cui
614 478 881 522 Personalis
918 478 1219 523 Praesentiae
1261 478 1440 537 Regiae
1481 481 1525 524 in
1552 478 1683 536 judi-

96 547 178 590 ciis
203 544 542 590 Locumtenens
568 544 821 604 praesidet,
861 544 1072 589 adsident
1112 559 1228 590 vero
1257 543 1444 590 Judices
1473 559 1684 605 sequen-

96 618 193 657 tes:
232 612 325 656 bini
351 610 567 667 Praelati,
626 611 814 656 totidem
841 611 1044 656 Tabulae
1070 611 1299 668 Barones,
1340 620 1385 657 et
1411 613 1552 658 Vices
1590 626 1682 671 ge-

97 687 256 724 rentes
283 678 505 733 Palatini,
545 684 590 722 et
625 678 801 723 Judicis
854 677 1050 734 Curiae,
1101 679 1415 725 ProtonotarIi
1467 687 1681 740 quatuor,

96 747 388 791 Assessores
421 743 864 806 Archiepiscopales
903 744 1017 800 duo,
1056 745 1192 805 Regii
1227 746 1408 806 reliqui.
1461 747 1682 792 Interve-

96 814 163 857 nit
189 811 352 869 adhuc,
391 826 488 857 cum
518 826 771 872 processus
806 811 976 856 indolis
1002 810 1358 858 Montanisticae
1395 813 1679 869 referuntur,

97 882 313 940 proprius
352 878 604 935 Referens,
668 878 833 924 deinde
882 878 1100 923 Director
1136 879 1386 925 Causarum
1422 881 1682 940 Regalium,

98 945 266 991 absens
294 953 462 1002 tamen,
504 945 607 990 dum
634 945 689 990 ad
726 945 908 990 Fiscum
932 944 1126 1005 Regium
1167 948 1416 992 attinentes
1456 947 1684 994 reviden-

96 1019 183 1057 tur.
223 1012 328 1058 Non
356 1012 521 1058 desunt
546 1020 811 1073 praeterea,
852 1014 971 1058 sicut
996 1015 1041 1057 in
1067 1014 1167 1059 aliis
1205 1028 1389 1074 quoque
1415 1014 1682 1060 Judiciariis

96 1078 318 1139 Collegiis
356 1082 547 1124 minoris
587 1079 886 1139 cathegoriae
923 1080 1219 1137 Protocollis,
1278 1080 1681 1141 Expeditionibus,

96 1147 346 1207 Scripturis
379 1148 571 1207 reliquis
597 1146 891 1208 perficiendis
932 1146 1174 1203 destinati,
1210 1146 1450 1193 Juventuti
1477 1163 1680 1209 quoque,

92 1212 402 1271 Jurejurando
464 1214 744 1270 obstrictae,
817 1228 983 1274 nempe
1048 1214 1315 1260 Juratorum
1376 1214 1680 1261 Notariorum

93 1294 275 1341 agmen,
315 1281 472 1341 praxis
510 1279 793 1326 hauriendae
822 1283 969 1340 gratia
999 1280 1148 1327 aditus
1176 1280 1233 1326 ad
1259 1280 1525 1328 Consessus
1551 1285 1675 1328 utri-

91 1361 240 1408 usque
266 1347 469 1393 Tabulae
493 1354 637 1408 patet,
675 1350 747 1393 cui
789 1350 925 1393 etiam
958 1347 1224 1394 functiones
1259 1349 1510 1395 nonnullae
1547 1350 1678 1408 judi-

94 1415 237 1460 ciales
272 1416 492 1472 minores,
530 1421 579 1460 ut
605 1422 734 1461 sunt:
776 1419 989 1461 examina
1028 1417 1239 1473 testium,
1279 1419 1543 1473 citationes,
1586 1417 1675 1462 ad—

92 1483 391 1539 monitiones,
430 1489 475 1527 et
500 1482 618 1527 aliae
646 1483 820 1529 similes
850 1482 1121 1542 obtingunt;
1149 1490 1245 1528 tres
1275 1483 1473 1545 denique
1499 1483 1672 1531 Advo-

93 1551 199 1604 cati,
239 1563 389 1594 annuo
418 1548 649 1610 stipendio
678 1564 739 1596 ex
762 1550 961 1595 Aerario
988 1550 1142 1610 Regio
1170 1552 1368 1611 provisi,
1407 1553 1588 1612 egenIs,
1619 1550 1676 1596 ad

95 1614 276 1661 Curiam
302 1615 496 1675 Regiam
521 1631 707 1662 causam
732 1616 1021 1675 habentibus,
1049 1619 1412 1679 patrocinantur.

149 1711 198 1764 ᾗ)
228 1711 426 1752 Adhaesit
457 1714 494 1752 ei
525 1726 670 1751 nomen
684 1713 1029 1761 Locumtenentis‚
1063 1714 1171 1764 quia,
1203 1719 1247 1752 ut
1278 1714 1354 1753 sub
1378 1712 1538 1753 Mathia
1563 1712 1674 1753 Cor-

205 1768 300 1806 vino
321 1768 362 1820 ³¹)
395 1776 432 1807 et
473 1769 688 1807 Vladislao
730 1769 847 1821 l[.¹’)
891 1770 1157 1808 constitutum
1200 1771 1376 1821 reperio,
1409 1770 1450 1808 in
1491 1770 1678 1808 absentia

203 1824 422 1863 Secretarii
454 1824 697 1864 cancellarii
734 1826 772 1865 in
806 1826 935 1865 locum
969 1826 1091 1865 istius
1119 1824 1386 1879 judiciale
1419 1826 1675 1879 Sigillum

202 1880 403 1931 regium
435 1882 565 1921 eidem
597 1883 812 1921 tenendum
846 1883 1180 1923 concredebatur‚

779 2008 827 2063 §.
868 2009 978 2054 733.

297 2106 516 2150 Accessit
548 2106 737 2151 Forum
771 2106 1172 2164 Αρρεῖῖαιονῖιιηι
1211 2107 1465 2154 cambiale.

223 2201 446 2247 Accrevit
484 2202 605 2248 istud
642 2201 806 2249 Curiae
833 2203 1028 2262 Regiae,
1067 2218 1202 2263 quum
1229 2218 1349 2249 anno
1378 2204 1668 2250 decurrentis

88 2266 243 2313 Seculi
272 2268 625 2328 quadragesimo
664 2271 867 2329 negotiis
906 2268 1091 2315 Cambio
1132 2269 1480 2317 Mercantilibus
1521 2274 1671 2317 comi-

86 2334 219 2379 tiales
257 2337 525 2381 sanctiones
563 2337 800 2394 codicem,
851 2336 1047 2397 foraque
1099 2339 1287 2397 propria
1326 2338 1382 2383 ad
1426 2339 1531 2384 lites
1569 2340 1669 2397 ejus

85 2403 284 2446 nominis
323 2401 599 2449 dirimendas
624 2419 708 2464 pro
734 2404 985 2463 Hungaria,
1025 2410 1070 2448 et
1107 2403 1314 2464 partibus
1345 2404 1540 2451 adnexis
1579 2421 1670 2452 va-

84 2467 219 2513 litura
248 2472 588 2515 constituerunt
631 2471 685 2527 ⁰).
748 2470 819 2515 Ab
859 2484 915 2515 eo
951 2471 1106 2530 itaque
1143 2477 1351 2532 tempore
1386 2472 1668 2533 Appellato—

84 2536 199 2579 rium
224 2534 371 2579 hocce
402 2536 618 2583 Tribunal
660 2537 928 2583 Sectionem
964 2536 1131 2582 Curiae
1167 2537 1345 2597 Regiae
1387 2539 1464 2585 illa
1514 2547 1667 2586 tamen

84 2604 266 2647 ratione
294 2605 582 2648 constituere
609 2603 845 2650 decretum
871 2611 959 2663 est,
986 2610 1035 2650 ut
1059 2604 1279 2652 Praeside
1307 2612 1443 2668 atque
1461 2621 1548 2655 sex
1572 2621 1665 2654 nu-

129 2727 161 2767 n)
187 2726 286 2761 1486.
314 2729 369 2763 68.

121 2782 160 2824 l>)
189 2783 293 2817 1492.
318 2783 375 2818 42.

129 2840 162 2883 e)
188 2841 289 2875 1840.
317 2843 371 2876 15.
