1941 3143
213 167 278 215 38

214 280 411 326 alterum
453 278 724 325 duration1s.
777 274 892 321 Illud
938 277 1082 337 prima
1125 277 1325 322 omnium
1363 276 1592 322 vice-sul)
1632 274 1803 321 Mathia

215 346 422 394 Corvino
463 347 519 393 ad
557 347 769 406 singulos
797 357 944 389 annos
987 341 1042 404 ⁸),
1081 350 1245 405 postea
1284 344 1367 391 sub
1398 343 1630 389 Uladislao
1660 342 1713 387 ll.
1758 342 1802 404 ¹³)

215 416 273 462 ad
298 417 546 460 triennium
573 414 773 460 defixum
801 417 886 457 est.
927 410 1215 457 Restituerat
1241 412 1422 472 quidem
1450 427 1645 457 annuam
1672 410 1806 455 cele-

214 485 474 530 brationem
489 482 809 528 Ferdinandus
825 479 858 524 I.
903 479 957 543 ⁶.)
977 486 1048 524 ast
1064 479 1145 525 sub
1165 480 1404 542 Leopoldo
1428 480 1459 524 l.
1519 478 1557 539 ·')
1582 479 1636 524 ad
1656 480 1804 524 trien-

217 555 341 599 nium
365 550 519 607 rediit.
548 550 671 610 quod
697 555 865 612 postea
891 546 1026 605 hujus
1055 546 1172 592 silius
1201 548 1396 595 Carolus
1440 547 1495 608 ⁰).
1530 540 1805 610 Pronepos-

218 634 307 683 que
334 617 602 680 Leopoldus
629 617 686 664 ΙΙ.
739 616 771 683 s)
799 632 859 664 ex
897 616 1118 663 Ordinum
1154 619 1276 664 votis
1316 625 1462 664 ratum
1502 616 1718 662 habuere.
1758 616 1807 661 ld

217 693 368 752 ipsum
414 688 618 734 strictius
658 685 806 732 adhuc
853 686 933 731 lex
971 689 1208 731 recentior
1247 685 1563 732 constabilivit
1605 685 1676 746 ss);
1714 699 1809 746 po-

221 764 393 805 strema
420 769 617 802 annuam
642 756 808 801 iterum
830 753 1192 800 celebrationem
1216 754 1493 818 praescribit
1535 752 1590 817 ¹¹).
1620 751 1811 798 Cautum

221 831 295 872 est
319 837 464 887 porro
491 823 575 870 sub
602 822 894 869 Ferdinando
923 822 1001 867 111.
1055 821 1108 880 ί).
1136 837 1194 868 nc
1220 823 1340 868 ultra
1367 823 1587 868 bimestre
1614 822 1810 882 spatium

222 893 565 956 producantur,
616 893 706 937 nisi
748 906 808 937 ex
845 893 1027 936 ratione
1070 892 1321 952 temporis,
1372 905 1426 935 ac
1463 890 1760 936 necessitatis
1787 902 1812 933 a

222 962 547 1011 Sacratissima
571 959 819 1020 Majestate
844 964 1159 1021 prorogentur
1201 958 1260 1017 ¹¹).

915 1076 963 1132 ὅ.
1003 1076 1115 1122 382.

222 1164 381 1223 Atque
423 1160 767 1209 commembra
817 1159 890 1207 ad
932 1162 1165 1207 maetam
1220 1158 1481 1211 evocandi,
1537 1160 1690 1217 Reffl's
1729 1169 1809 1205 est.

355 1257 643 1318 Evocantur‚
682 1258 846 1321 quibus
872 1259 955 1306 Jus
984 1267 1055 1306 est
1082 1257 1441 1314 interveniendi.
1481 1272 1565 1318 per
1592 1256 1810 1313 Litteras,

225 1342 340 1392 quas
364 1328 572 1389 Regales
597 1342 824 1375 vocamus
850 1326 923 1386 ff),
950 1327 1114 1389 Regis.
1153 1326 1447 1373 Cancellarii.
1477 1333 1522 1371 ct
1550 1324 1816 1371 Consiliarii

227 1398 364 1444 aulici
389 1396 708 1458 subcriptione
734 1397 959 1453 munitas3
987 1402 1096 1457 post
1120 1410 1283 1440 munus
1302 1394 1579 1440 Cancellarii
1603 1394 1817 1438 exstinc-

227 1472 350 1524 tum,
413 1464 723 1526 abolitamque
765 1461 1102 1510 Cancellariam
1156 1478 1272 1509 vero
1328 1462 1527 1508 Ministri
1575 1461 1818 1521 hungarici

229 1534 509 1596 subscriptio
537 1532 782 1579 substituta
809 1538 922 1577 erat.
951 1533 1070 1578 Dein
1097 1531 1174 1577 lex
1204 1532 1375 1578 diserte
1403 1530 1536 1588 jubet
1588 1528 1642 1587 ¹),
1669 1530 1817 1574 Diae-

228 1609 320 1648 tam
347 1615 435 1648 sex
460 1601 731 1662 septimanis
759 1607 863 1645 ante
892 1600 1234 1646 inchoationem
1262 1602 1306 1645 in
1335 1598 1635 1645 Comitatibus
1662 1597 1819 1658 publi—

231 1671 341 1716 cari.
368 1669 652 1730 Exprimitur
676 1682 818 1730 porro
847 1669 892 1713 in
919 1668 1083 1714 iisdem
1111 1667 1227 1725 (lies.
1261 1683 1315 1712 ac
1339 1667 1470 1711 locus
1499 1666 1817 1719 Comitiornm.

230 1751 325 1784 non
349 1736 672 1798 infrequenter
699 1748 838 1781 causa
866 1750 1079 1798 quoque,
1121 1750 1253 1796 quam
1292 1738 1338 1781 in
1366 1733 1620 1794 Regalibus
1647 1735 1821 1794 exponi

232 1805 433 1863 debere,
471 1806 518 1851 in
562 1805 721 1866 specie
740 1838 752 1861 7
806 1803 989 1866 quando
1034 1804 1090 1850 de
1132 1803 1349 1863 eligendo
1391 1803 1601 1849 Palatino
1650 1804 1816 1862 agitur.

231 1876 396 1921 iterum
419 1873 527 1934 lege
553 1874 759 1934 positiva
786 1875 1089 1918 constitutum
1115 1873 1306 1917 invenio
1339 1872 1408 1929 ¹¹²).

286 1954 337 2009 *)
370 1954 715 1994 Vetustissimum
746 1953 941 1994 hactenus
974 1954 1170 1993 similium
1203 1952 1457 1992 Litterarum
1488 1950 1716 2003 exemplum
1743 1951 1819 1989 snb

346 2011 558 2052 Gubernio
581 2010 827 2050 immortalis
849 2010 1064 2062 Hunyadii
1095 2012 1144 2049 ad
1169 2010 1351 2048 Saxones
1375 2008 1691 2059 Transylvanos
1714 2021 1821 2059 quo-

346 2080 445 2120 que,
487 2069 607 2109 Anno
642 2066 765 2107 1447.
798 2068 1040 2117 dimissum,
1077 2067 1238 2106 Ederus
1261 2068 1327 2117 ··);
1372 2065 1609 2106 Kovachich
1648 2065 1822 2104 alteru'm

347 2125 536 2165 octennio
568 2125 705 2166 scrius
738 2125 814 2165 sub
855 2124 1051 2166 Ladislao
1092 2124 1316 2166 Postliumo
1359 2125 1408 2164 ad
1447 2124 1667 2163 Civitatem
1698 2122 1821 2162 Bart-

268 2227 304 2268 2)
331 2227 430 2262 1471.
461 2232 491 2262 1.

273 2284 310 2325 ¹2)
337 2284 438 2319 1498.
467 2288 496 2320 1.

273 2342 305 2384 c)
333 2344 433 2376 1563.
459 2344 492 2377 3.

274 2397 311 2440 d)
338 2401 438 2433 1659.
465 2402 497 2434 1.

276 2455 307 2497 o)
335 2458 437 2492 1715,
465 2455 518 2490 1'4.

274 2512 310 2555 s)
339 2516 444 2548 1791.
470 2515 524 2549 13.

274 2572 309 2612 8)
337 2573 439 2606 1827.
469 2574 499 2605 5.

274 2635 311 2676 ἢ)
338 2637 415 2668 Art.
442 2635 500 2667 cit.
534 2630 635 2665 1848.

276 2694 311 2731 ἱ)
339 2692 440 2727 1649.
465 2689 521 2724 4¹4.

273 2752 309 2789 ¹¹)
338 2751 440 2785 1723.
465 2752 498 2783 7.

272 2809 311 2849 ι)
341 2810 443 2843 1635.
467 2809 521 2840 79.

267 2870 310 2902 ¹²)
339 2866 441 2901 1485.
467 2866 500 2898 iu
517 2864 632 2898 Praef.
653 2866 687 2896 et
707 2862 839 2896 clarius
865 2860 978 2892 adhuc
1001 2860 1034 2890 iu
1060 2859 1117 2890 rit.
1148 2857 1245 2889 15³8.
1271 2857 1322 2888 18.
1358 2874 1390 2879 -—
1423 2855 1523 2887 1603.
1551 2855 1583 2887 3.

277 2924 314 2969 ¹¹)
340 2927 380 2960 ln
403 2923 536 2959 Christ.
563 2920 732 2956 Schesaei
757 2919 861 2953 Ruiu.
886 2918 1045 2952 Pannou.
1073 2917 1110 2949 L.
1139 2916 1169 2949 3.
1194 2925 1225 2956 ι».
1256 2914 1333 2948 165.
1361 2918 1397 2947 et
1423 2909 1509 2951 seq.'
