1941 3143
838 225 845 233 .
886 190 964 235 60.

558 271 776 318 Periodo
799 190 993 330 {efflent
1019 269 1191 317 altera.

225 354 274 400 Si
310 352 566 415 praemissa
602 353 795 399 ulterius
833 354 980 399 adhuc
1019 352 1351 414 expendimus,
1391 357 1673 412 potestatem

87 423 243 480 Reges
285 418 548 480 deligendi.
598 423 842 468 exstinctis
893 421 1160 468 domesticis
1199 419 1350 466 virilis
1392 418 1672 465 conditionis

85 487 398 549 Principibus.v
427 486 483 532 ad
510 486 654 532 libera
684 489 843 535 Gentis
873 489 1089 548 suffragia
1126 490 1310 548 penitus
1336 485 1491 531 redire
1520 501 1670 547 opor-

86 556 222 603 tebat.
261 554 377 600 Nam
403 562 451 600 ut
487 555 793 616 qualicunque
826 558 932 614 jure
957 555 1206 611 Familiae,
1247 553 1455 599 diadema
1494 556 1675 613 regium

87 623 142 670 ad
180 622 436 678 faeminas„
485 621 829 684 earundemque
867 631 1088 684 posteros
1129 622 1336 682 legitime
1374 623 1670 682 pertinuerit,

84 690 159 736 ubi
183 691 376 752 praevie
413 703 503 734 nec
527 696 661 750 pacta
700 690 823 748 ulla,
863 705 952 735 nec
975 691 1108 750 leges
1137 696 1320 745 certas,
1362 703 1415 733 ac
1460 688 1672 735 stabilem

86 756 366 806 succedendi
394 756 602 802 ordinem
627 758 706 803 vel
730 759 852 803 inter
877 757 1111 803 masculos
1138 756 1564 817 praescripserunt‚
1581 771 1675 802 ne-

88 841 175 886 que
213 825 511 871 observantia
550 824 826 871 uniformem
865 832 1058 871 eatenus
1100 838 1307 870 normam
1345 824 1674 884 praeviguisse

86 893 281 949 indicat„
318 893 402 938 v‘ut
426 890 749 951 aliquomodo:
802 892 937 938 nobis
975 891 1189 953 equidem
1227 890 1317 936 hoc
1341 892 1490 936 minus
1517 889 1677 935 licebit

89 961 347 1021 suspicari,
386 960 600 1018 quoniam
641 967 770 1006 actus
807 960 1053 1006 electionis
1095 960 1228 1019 quasi
1265 958 1511 1004 continuos
1553 956 1675 1019 apud

86 1041 172 1072 nos
199 1026 321 1072 facto
349 1027 694 1084 intercessisse„
717 1041 811 1072 non
835 1034 1010 1072 tantum
1026 1026 1236 1072 Annales
1257 1025 1500 1071 domestici
1519 1026 1674 1083 juxta,

86 1106 140 1136 ac
177 1095 433 1137 vicinarum
471 1091 685 1139 Gentium
722 1094 1016 1140 uniformiter
1050 1099 1329 1150 recensent,
1367 1107 1532 1139 verum
1571 1093 1674 1150 ejus

83 1157 308 1203 libertatis
335 1161 641 1217 exercitiuma
682 1161 738 1207 ad
778 1176 944 1207 annum
971 1175 1118 1222 usque
1163 1161 1342 1207 1687⁰³¹
1381 1159 1674 1220 productum,

84 1230 335 1281 tractatus„
376 1237 571 1284 quorum
610 1228 903 1273 authenticae
931 1228 1134 1274 Tabulae
1171 1233 1360 1288 praesto
1391 1234 1529 1285 sunt,
1567 1227 1672 1272 De-

84 1299 210 1337 creta
245 1290 420 1336 adhaec
459 1290 787 1351 Comitiorum‚
828 1302 875 1340 et
913 1293 1201 1354 inauguralia
1228 1294 1524 1355 Diplomata‚
1564 1293 1673 1352 fide,

82 1360 154 1403 cui
192 1358 303 1403 nihil
345 1360 519 1420 opponi
557 1367 724 1420 queat,
764 1368 897 1408 extra
950 1376 1133 1408 omnem
1183 1369 1446 1422 posuerunt
1488 1360 1675 1408 dubita-

83 1427 270 1472 tionem.

790 1513 837 1569 §.
878 1514 956 1560 61.

532 1596 960 1656 Audeyavensium
998 1595 1226 1643 Familia.

215 1678 282 1725 Ita
309 1678 503 1727 Carolus
529 1679 763 1725 Robertus
789 1686 897 1740 post
934 1679 1027 1724 fata
1054 1678 1275 1724 Andreae
1317 1675 1394 1721 III.
1414 1710 1427 1734 ‚
1465 1676 1668 1738 indeque

81 1748 372 1794 continuatas
413 1754 639 1793 octennes
683 1746 871 1804 turbas,
922 1753 1229 1808 posteaquam
1269 1742 1550 1790 factionibus
1594 1744 1671 1790 di-

80 1815 200 1870 visi„
239 1815 377 1860 modo
405 1817 570 1871 istum⁷
609 1829 731 1859 nunc
764 1815 890 1859 illum
932 1812 1299 1874 Competitorum
1337 1812 1516 1857 iteratis
1546 1826 1670 1857 con-

78 1881 327 1927 venticulis
372 1882 551 1941 Regem
589 1881 986 1942 proclamassent‚
1037 1893 1328 1939 nequaquam
1369 1885 1498 1924 certo
1539 1878 1671 1936 Jure,

80 1948 432 2010 immediataque
459 1949 772 1995 Successione
798 1948 1010 2009 Regnum
1038 1946 1147 1992 adiit
1168 1981 1180 2004 7
1219 1960 1383 1992 verum
1408 1945 1520 1991 illud
1544 1960 1667 1991 una-

79 2016 188 2075 nimi
215 2014 435 2062 duntaxat
459 2016 623 2078 Populi
650 2015 984 2063 acclamatione
1011 2016 1056 2059 in
1085 2012 1268 2075 Campis
1295 2012 1669 2073 Rakosiensibus

79 2081 273 2145 adeptus
300 2090 386 2131 est.

795 2168 842 2224 ὅ.
872 2168 950 2215 62.

453 2253 678 2310 Reqmcm
698 2255 824 2310 pari
843 2253 1047 2296 ratione
1074 2248 1295 2295 obtinuit.

216 2330 416 2378 Probant
440 2332 486 2377 id
511 2339 582 2379 sat
608 2346 841 2394 superque
866 2331 974 2377 bina
1000 2331 1310 2377 Instrumenta
1338 2328 1568 2388 solennia,
1587 2336 1669 2378 to-

82 2398 219 2443 tidem
268 2399 565 2460 generalibus
614 2400 854 2456 Comitiis7
894 2398 1060 2445 eodem
1098 2398 1231 2454 loco„
1272 2396 1461 2443 diverso
1510 2405 1665 2443 tamen

81 2467 315 2526 tempore,
365 2466 634 2513 coadunatis
656 2502 667 2524 v
718 2466 965 2525 evulgata3
1013 2480 1131 2527 quae
1183 2464 1286 2510 dum
1327 2464 1385 2509 ad
1430 2472 1667 2526 peractam

85 2530 356 2579 electionem
393 2534 566 2581 diserte
604 2540 866 2595 provocant
902 2532 983 2592 ³⁶),
1024 2532 1158 2579 simul
1195 2547 1289 2578 non
1316 2531 1515 2577 obscure
1541 2548 1665 2594 pan—

85 2597 216 2656 dunt,
252 2598 496 2663 Imperium
536 2601 697 2646 eadem
725 2603 976 2648 occasione
1015 2611 1112 2646 non
1137 2598 1306 2645 Carolo
1334 2599 1483 2645 solum
1504 2634 1517 2657 7
1559 2614 1579 2646 s
1599 2598 1665 2644 ed

85 2665 208 2721 ejus
247 2681 350 2727 quo
372 2683 477 2729 que
513 2670 857 2730 posteritati
885 2670 953 2713 sic
990 2667 1138 2714 fuisse
1178 2666 1438 2724 addictum,
1477 2673 1526 2712 ut
1549 2666 1661 2711 nul-

81 2731 170 2776 lum
198 2735 360 2780 iterum
383 2762 450 2770 —
473 2750 532 2782 ne
558 2743 786 2782 remotum
812 2735 996 2798 quidem
1019 2760 1086 2769 —-
1109 2734 1352 2794 regulatae
1377 2733 1663 2782 Successio-

82 2801 152 2846 nis
181 2803 424 2863 vestiqum
449 2803 787 2866 praeseferant.
1379 2866 1409 2910 5
