1941 3143
226 78 326 127 220

233 191 496 239 sustineant
537 190 607 249 ⁵),
632 187 722 235 hoc
750 189 852 250 ipso
889 188 1189 250 Magistratus
1214 190 1421 252 reliquus
1449 190 1624 238 eisdem
1649 205 1818 254 parere

229 265 460 306 teneatur.
501 258 986 318 Quaecunque-igitur
1022 272 1046 303 e
1073 260 1254 304 ratione
1281 258 1502 320 praesidii
1528 259 1817 320 vigilantiae,

230 334 277 374 et
303 328 611 388 inspectionis
640 326 913 386 Supremum
938 324 1165 371 Comitem
1192 329 1402 382 attinent,
1444 341 1498 371 ea
1527 329 1695 384 omnia,
1724 329 1815 372 isto

233 410 259 441 e
288 394 541 440 Comitatus
579 395 759 453 gremio
802 393 996 438 ahsente
1047 400 1124 439 aut
1163 395 1411 454 impedito„
1451 394 1528 439 vel
1568 393 1658 440 fine
1684 394 1818 440 cele-

231 465 371 508 rIoris
400 462 592 507 eil'ectus
618 474 850 522 persaepe
881 468 1132 521 praesente
1171 463 1308 506 etiam
1327 496 1339 518 v
1378 461 1700 507 vice-Comes
1728 464 1819 506 im-

233 530 433 575 mediate
475 532 736 589 exequitur.
778 555 846 560 —
875 530 991 574 Sunt
1029 528 1252 589 quaedam
1293 537 1539 590 praeterea
1574 544 1658 591 per
1684 529 1818 588 leges

233 597 344 643 huic
369 597 533 643 Officio
562 598 804 658 speciatim
831 596 1008 651 delata.
1046 598 1111 641 uti
1148 602 1221 641 est
1254 597 1586 653 reambulatio.
1627 612 1709 642 seu
1735 611 1820 642 re-

233 667 356 712 visio
383 671 607 710 metarum
649 663 720 722 ¹).
758 665 992 709 restitutio
1031 666 1074 709 in
1101 667 1452 725 possessorium
1491 672 1594 711 actu
1622 665 1819 725 quodam

234 733 446 779 violento
492 734 751 791 eJ‘ectorum
794 731 860 797 ⁰),
913 731 1146 791 multaque
1188 732 1305 788 alia,
1357 747 1474 792 quae
1524 734 1688 793 partim
1730 732 1820 777 fine

236 800 550 846 conservandi
605 800 813 856 ordinis,
863 800 1302 859 tranquillitatisque
1355 800 1505 845 eidem
1550 805 1821 845 constanter

234 868 517 924 adhaerent,
558 869 725 928 partim
766 882 827 912 ex
866 869 1122 912 occasione
1163 869 1266 911 sive
1293 867 1483 925 legum,
1524 881 1608 911 seu
1647 880 1821 926 supre-

232 950 363 993 mae.
403 938 757 996 superiorisque
798 936 1046 995 potestatis
1098 932 1391 978 ordInatione
1433 935 1610 978 comitti
1650 933 1819 978 solent.

230 1003 443 1064 Amplam
473 1003 671 1062 denique
700 1001 1085 1047 Vice-Comitum
1125 1002 1169 1045 in
1195 1000 1498 1046 Judicialibus
1536 1002 1822 1046 activitatem

232 1071 315 1116 Jus
354 1072 584 1131 privatum
619 1076 853 1115 recenset.
894 1095 962 1101 —
1001 1067 1311 1128 Negotiorum
1349 1070 1471 1114 inter
1512 1067 1820 1124 Ordinarium‚

231 1145 277 1183 et
304 1138 610 1184 Substitutum
635 1136 999 1183 Vice-Comites
1038 1138 1340 1198 partitionem
1378 1151 1491 1183 usus
1530 1141 1749 1197 receptus
1775 1136 1822 1180 in

233 1205 428 1267 singulis
457 1204 760 1252 Comitatibus
787 1204 959 1251 definit.

936 1356 980 1413 ὃ.
1024 1359 1051 1404 7
1056 1358 1133 1404 01.

678 1472 854 1531 Officia
878 1471 1070 1519 Judicis
1095 1470 1368 1519 Nobilium.

364 1585 527 1632 Utrum
567 1587 614 1631 in
647 1584 886 1633 Judicibus
928 1585 1219 1646 Megahbus,
1258 1600 1282 1630 a
1324 1583 1463 1644 Mega
1502 1582 1728 1644 (Megye)
1757 1582 1826 1628 sic

233 1654 553 1716 compellatis,
594 1655 670 1714 qui
710 1653 856 1713 Regi,
897 1652 1178 1699 Comitatum
1213 1654 1451 1707 visitanti.
1492 1649 1821 1710 adjungeban-

232 1729 334 1779 tur„
386 1728 432 1766 et
476 1721 800 1767 dissensiones
855 1721 1017 1783 populi
1065 1721 1268 1766 discreto
1316 1719 1492 1778 judicio
1545 1717 1823 1763 dirimendas

233 1789 516 1846 habuerant,
554 1804 668 1834 vera
697 1791 787 1834 sint
814 1816 880 1821 —
904 1796 953 1834 ut
990 1789 1262 1850 quibusdam
1288 1787 1442 1850 placet
1471 1812 1539 1819 —-
1562 1785 1825 1831 hodierno-

235 1872 335 1902 rum
361 1856 571 1901 Judicum
599 1856 832 1902 Nobilium
861 1856 1054 1902 exordia
1075 1891 1087 1913 ‚
1127 1857 1202 1901 alii
1231 1857 1477 1901 discutiant
1500 1853 1567 1913 ἐξ).
1606 1852 1703 1898 Hac
1729 1866 1823 1913 po-

234 1926 422 1971 steriori
451 1924 533 1969 sul)
576 1923 956 1968 denominatione
988 1925 1084 1981 jam
1121 1923 1337 1967 Decretis
1376 1920 1686 1980 Sigismundi‚
1726 1919 1822 1963 La-

237 1991 399 2047 dislai.
439 1989 639 2035 Mathiae
666 1990 699 2034 Ι.
730 1990 951 2035 Uladislai
979 1990 1034 2034 ΙΙ.
1065 1989 1358 2049 frequentius
1387 1992 1685 2047 comparent3
1714 1986 1823 2045 qui-

233 2058 318 2104 bus
348 2058 528 2103 scilicet
564 2063 783 2113 cavetur7
821 2065 869 2103 ut
906 2060 952 2102 in
992 2056 1115 2102 aditu
1155 2057 1295 2101 oll'icii
1331 2057 1638 2114 juramentum
1678 2066 1824 2113 prae-

239 2133 363 2171 stent
403 2123 478 2183 Ὃς
517 2132 657 2185 utque
696 2127 741 2169 in
778 2126 973 2185 singulis
1003 2123 1306 2170 Comitatibus
1336 2138 1360 2168 e
1387 2122 1507 2167 bene
1544 2121 1825 2181 possessio-

237 2195 356 2239 natis
385 2193 616 2252 eligantur
634 2226 646 2249 .,
681 2192 857 2250 judicio
886 2196 931 2238 in
959 2192 1135 2238 actibus
1178 2191 1472 2253 potentiariis
1501 2187 1675 2248 absque
1704 2187 1825 2232 dila-

236 2262 364 2306 tione
392 2259 587 2306 serendo
617 2262 831 2306 intersint
877 2261 945 2319 ²).
985 2262 1166 2321 aliaque
1193 2266 1242 2305 ut
1267 2259 1512 2320 plurimum
1537 2255 1595 2301 ad
1613 2255 1824 2314 justitiae

238 2327 684 2374 administrationem
711 2329 1009 2390 pertinentia.

296 2423 345 2475 ²³⁴³)
378 2423 536 2463 Bilotos
568 2424 656 2463 sive
699 2425 954 2464 Bilochos
987 2424 1204 2477 regales
1246 2424 1288 2463 in
1320 2421 1509 2473 'antiquis
1541 2416 1826 2459 'monumentis

354 2487 640 2530 occurrentes,
674 2483 741 2533 qui
774 2482 980 2522 furtorum
1014 2488 1195 2531 tantum,
1238 2487 1275 2520 et
1317 2478 1626 2519 latrociniorum
1658 2476 1828 2514 discus-

279 2609 312 2652 a)
343 2614 443 2645 1578.
471 2613 504 2646 4.

275 2669 312 2708 b)
342 2671 441 2704 1635.
468 2671 523 2704 20.
550 2685 594 2691 -
622 2672 724 2706 1802.
750 2673 805 2706 23.

280 2726 311 2768 ⁰)
340 2729 440 2760 1802.
467 2729 524 2761 22.
552 2747 587 2752 -
620 2729 724 2761 1807.
752 2731 782 2762 5.

278 2783 312 2823 d)
341 2784 442 2818 1435.
471 2785 504 2818 1.
530 2804 573 2810 —
599 2783 700 2819 1486.
728 2786 782 2820 73.
809 2805 854 2811 —
881 2784 982 2818 1492.
1007 2786 1062 2819 33.

279 2842 310 2884 e)
339 2839 440 2876 1454.
469 2841 523 2875 15.
