1941 3143
258 63 352 109 128

367 185 415 212 ex
453 172 536 213 ritu
577 172 785 214 Ecclesiae
825 177 1079 225 consecrati,
1136 178 1363 219 redduntur
1406 179 1566 232 quidem
1614 180 1752 222 idonei
1793 184 1842 223 ad

367 242 517 270 munus
549 243 710 270 sacrum
741 232 1009 271 Antistitibus
1042 236 1254 285 proprium
1287 237 1389 284 rite,
1436 250 1480 276 nc
1513 236 1647 277 valide
1680 239 1842 279 obeun-

368 287 487 328 dum:
546 289 845 340 praerogativis
899 295 1031 328 tamen
1075 291 1268 332 civilibus
1310 293 1555 332 Praesulum
1603 293 1843 348 Hungariae

364 355 621 396 nequaquam
644 344 852 395 fruuntur,
885 359 1012 397 neque
1043 346 1160 387 ullibi
1177 348 1321 389 horum
1344 350 1384 389 in
1403 350 1510 389 serie
1533 359 1769 403 comparent
1789 353 1841 406 ⁸).

953 420 999 475 ὃ.
1044 422 1152 468 165.

584 501 623 545 Α
661 500 824 558 Reqz'a
860 503 1128 558 Majestate
1159 510 1508 564 proficzzecnm:

387 579 516 633 Quae
558 593 659 625 cum
701 583 763 627 ita
804 585 910 639 sint,
963 587 1180 645 quoniam
1219 587 1483 633 Nobilitatis
1527 587 1843 634 conferendae

248 644 332 690 Jus
368 649 609 706 proprium
647 655 720 693 est
761 648 940 709 Regiae
976 652 1236 709 Majestatis
1280 655 1341 713 1’),
1381 655 1540 700 Eidem
1581 658 1718 701 etiam
1754 655 1842 701 Uni

248 712 406 759 Status
433 713 651 774 proedria
678 717 724 760 in
751 719 957 777 acceptis
984 720 1235 766 referenda
1273 724 1417 767 venit.
1482 723 1687 783 indeque
1725 736 1844 783 pro-

247 780 397 840 prium
423 787 577 825 manet
603 781 934 829 Constitutioni
962 788 1132 838 avitae„
1173 803 1260 834 nec
1286 789 1421 833 ullam
1448 792 1615 850 recipit
1642 796 1841 834 contro-

250 848 474 904 versiam,
504 853 715 908 cooptari
742 852 787 894 in
827 866 1147 914 quamcunque
1175 855 1335 900 horum
1365 856 1573 900 'classem
1611 857 1841 900 neminem

248 926 447 972 unquam
483 917 727 974 potuisse,
779 920 869 962 nisi
905 933 929 963 a
970 919 1125 980 Rege:
1166 936 1255 966 nec
1296 922 1429 966 alitor
1474 935 1746 982 quemquam
1787 921 1841 966 ad

248 977 384 1037 hanc‚
421 981 500 1025 vel
539 981 661 1026 illam
687 986 940 1044 pertinere.

983 1103 991 1111 .
1037 1069 1144 1116 166.

730 1149 877 1204 Quod
907 1068 1041 1197 ηῖὲῐνα
1078 1151 1372 1201 illustratur.

383 1229 603 1276 Profecto
631 1231 818 1279 Litteris
846 1233 991 1294 Regis
1033 1235 1323 1293 solennibus,
1364 1249 1476 1296 quas
1515 1250 1540 1280 c
1558 1248 1583 1280 o
1605 1234 1692 1280 lla
1712 1236 1756 1280 ti
1779 1249 1839 1280 o—

245 1295 416 1343 nales
451 1312 702 1357 vocamuS‚
757 1301 988 1358 Praelati‚
1040 1302 1364 1363 Proceresque
1391 1303 1624 1362 dignitarii
1654 1316 1835 1347 renun-

248 1364 448 1409 ciantur:
488 1365 732 1426 Magnates
773 1370 918 1413 nativi
947 1367 1074 1416 fiunt.
1115 1372 1264 1415 exteri
1301 1370 1621 1430 indigenatum
1658 1371 1839 1429 accipi-

243 1437 341 1486 unt,
380 1438 427 1476 et
452 1434 643 1494 insuper
669 1434 863 1480 articulo
894 1436 1130 1487 comitiali„
1170 1452 1230 1482 ex
1256 1437 1400 1497 Regis
1442 1451 1676 1482 consensu
1717 1450 1839 1481 con—

243 1495 355 1553 dito,
393 1500 673 1545 inseruntur.
714 1499 908 1547 Nobiles
937 1505 1110 1548 caeteri
1139 1504 1288 1563 Regia
1316 1506 1584 1559 donatione„
1624 1503 1703 1549 vel
1729 1502 1832 1549 Lit-

243 1565 357 1608 teris
386 1565 595 1622 ejusdem
621 1568 910 1625 Arinalibus3
949 1570 1163 1627 Libe1·ae‚
1191 1571 1463 1632 Regiaeque
1492 1571 1737 1621 CivitateS„
1783 1584 1837 1614 ac

241 1628 490 1677 Districtus
516 1634 672 1679 itidem
701 1635 891 1681 obtento
920 1636 1065 1696 Regis
1106 1637 1328 1684 duntaxat
1366 1639 1619 1697 Privilegio
1662 1650 1835 1682 crean-

242 1703 332 1755 tur,
371 1700 444 1743 cui
471 1714 703 1760 agnomen
742 1703 1124 1750 elibertatio
1146 1706 1287 1751 nale
1327 1706 1619 1751 adhaeserat.

977 1819 985 1828 .
1031 1786 1138 1831 167.

385 1849 478 1893 Cm‘
510 1852 733 1895 universi
759 1784 1015 1906 siclele'ta§tzls·
1051 1854 1292 1910 homaffl'o
1334 1853 1688 1911 obstrepantur.

379 1928 535 1973 Status
564 1937 732 1975 autem.
763 1938 808 1976 et
836 1932 1033 1977 Ordines
1061 1934 1312 1978 universos
1339 1933 1556 1992 homagio
1599 1934 1833 1978 fidelitatis

241 1993 362 2054 Regi
389 2009 491 2051 suo7
533 2010 788 2056 sacraeque
816 1998 970 2058 Regni
997 1998 1231 2044 Coronae.
1271 2000 1441 2044 nullius
1483 2001 1674 2045 alterius
1711 1999 1832 2044 fide—

242 2060 372 2106 litate
401 2061 563 2119 salva,
605 2066 768 2123 quavis
810 2072 963 2110 aelate
1007 2065 1264 2125 obstringi,
1318 2068 1405 2112 etsi
1446 2074 1608 2112 natura
1646 2066 1830 2127 Imperii

240 2143 336 2173 non
363 2142 521 2173 secum
549 2129 711 2185 ferret„
751 2129 940 2191 praeter
966 2132 1281 2178 Verhoczium
1325 2134 1384 2191 Ὁ,
1425 2140 1471 2179 et
1509 2134 1627 2179 aliae
1665 2147 1834 2180 nume-

242 2209 384 2241 rosae
421 2195 555 2255 leges
599 2194 641 2254 ⁴¹)
685 2197 859 2243 diserte
897 2199 1254 2259 praescribunt,
1295 2207 1340 2245 et
1377 2215 1512 2246 nemo
1551 2215 1669 2246 unus
1707 2199 1832 2245 hun-

241 2265 401 2321 garico
429 2262 550 2308 haud
576 2264 791 2324 indignus
819 2269 1048 2325 sangvine
1074 2266 1153 2312 vel
1180 2268 1225 2312 in
1267 2266 1450 2313 dubium
1489 2267 1734 2314 revocabit
1759 2266 1829 2324 ἦ).

240 2328 420 2375 Morem
446 2332 651 2390 priorum
679 2339 954 2392 temporum,
982 2341 1215 2393 utcunque
1243 2334 1299 2378 ad
1317 2333 1657 2379 Ferdinandum
1683 2348 1831 2392 usque

240 2395 274 2439 I.
319 2396 359 2453 ⁰)
399 2403 661 2455 retentum,
700 2406 749 2444 ut
788 2400 945 2446 Status
986 2402 1239 2445 occasione
1279 2403 1599 2447 coronationis
1638 2400 1728 2446 hoc
1754 2402 1831 2460 ip-

278 2505 310 2547 a)
339 2508 418 2541 vid.
441 2510 563 2542 Diaria
590 2511 825 2546 comitiorum
851 2517 886 2546 et
914 2512 1095 2546 schemat.
1121 2513 1147 2546 1.
1172 2514 1259 2556 Reg.
1284 2513 1404 2557 Hung.
1441 2513 1630 2557 quotannis
1664 2513 1718 2546 edi
1745 2522 1832 2545 con-

347 2558 443 2588 svet.

285 2598 324 2641 b)
349 2602 431 2634 Par.
456 2602 480 2633 Ι.
509 2605 548 2635 tt.
575 2602 606 2635 3.

279 2649 311 2685 c)
337 2649 376 2680 P.
406 2649 436 2679 1.
463 2651 502 2680 tt.
531 2649 582 2680 12.
618 2648 654 2680 Ρ.
682 2650 713 2683 3.
741 2653 778 2683 tt.
808 2652 838 2684 5.

281 2693 317 2734 d)
342 2694 422 2726 vid.
449 2694 566 2726 instar
591 2697 745 2728 omnium
772 2697 871 2729 1791.
898 2696 928 2729 3.

281 2741 312 2781 e)
341 2740 442 2773 Conf.
482 2741 550 2773 litt.
587 2742 700 2780 ejtisd.
729 2745 818 2785 neg.
846 2743 888 2775 ad
916 2742 991 2776 Civ.
1019 2742 1300 2778 Cassoviensem
1330 2754 1384 2787 ap.
1413 2745 1594 2788 Kaprinay
1618 2744 1714 2777 nist.
1746 2741 1823 2782 Dip-
