1941 3143
1598 147 1690 193 119

113 253 544 309 Communitatibus,
583 254 747 315 quibus
798 255 880 300 sub
908 257 1194 316 obligatione
1231 258 1573 317 personaliter,
1611 260 1689 305 vel

112 331 239 369 certo
267 330 541 368 armatorum
568 336 760 366 numero
789 322 845 367 ad
872 327 1128 369 exercitum
1154 326 1333 381 regium
1360 326 1687 383 concurrendi,

111 391 383 449 Privilegia,
421 395 467 434 et
492 389 621 434 Bona
650 388 781 434 suere
809 391 976 435 collata
1002 389 1112 447 ΗΜ
1150 391 1228 436 vel
1256 391 1454 452 denique
1482 407 1505 436 a
1534 395 1689 452 stipu-

112 458 215 504 latis
242 456 507 503 cohortibus
535 456 899 515 clientelarium,
927 457 1301 516 subjectarumve
1319 459 1684 506 Provinciarum.

168 552 216 608 ³¹⁵)
246 552 403 593 Faciem
449 553 626 593 Militiae
666 553 914 605 hungaricae
958 554 1135 603 veteris,
1198 555 1401 605 prolixius
1444 555 1693 598 illustratam

222 623 338 650 nemo
373 610 438 649 hie
471 633 522 639 -—-
555 610 704 661 opinor
737 633 788 638 —
824 623 844 649 a
878 623 939 649 me
972 611 1128 662 exiget3
1171 611 1457 662 impenderunt
1498 615 1546 652 ad
1588 614 1691 656 hanc

220 667 537 706 adumbrandam
568 680 664 718 prae
688 668 860 706 caeteris
883 674 1055 706 conatus
1088 680 1188 706 suos
1210 668 1359 707 Kollar
1378 669 1436 721 ἢ),
1467 669 1608 709 Ρ311113
1627 672 1689 725 ¹³),

219 724 474 775 Keresztury
496 724 565 777 ⁰),
597 724 806 776 Bardossy
829 723 889 773 d)‚
920 724 1127 776 Pyringer
1148 726 1188 777 0)
1224 737 1396 777 quorum
1430 725 1692 768 lucubratio-

221 793 292 820 nes
324 780 467 821 sedulo
499 793 617 819 nemo
649 780 739 819 sine
772 780 947 819 utilitate
979 780 1153 821 evolvet.

134 850 213 905 M)
245 851 484 903 Exemplum
526 850 767 904 hujusmodi
799 851 1046 892 Collationis
1078 865 1166 891 cum
1206 853 1456 906 obligatione
1488 856 1693 898 militandi

219 909 424 960 singulari
465 909 643 948 familiae
675 907 881 948 Comitum
913 909 962 948 de
993 908 1138 960 Veglia
1173 909 1303 949 factae
1335 911 1530 962 superius
1562 915 1692 953 dede-

220 978 305 1003 ram
338 964 491 1016 (189).
522 963 685 1018 Adjicio
716 964 891 1004 alterum
923 965 1106 1004 familiae
1136 966 1289 1017 Rados,
1321 968 1388 1006 eui
1417 969 1609 1009 Andreas
1639 971 1692 1012 ΙΙ.

221 1034 326 1060 311110
377 1019 497 1062 1224.
542 1034 628 1060 eam
675 1021 715 1059 in
755 1021 980 1073 Privilegio
1027 1022 1202 1074 imponit
1233 1023 1550 1076 obligationem:
1599 1027 1692 1075 „Ut

221 1079 464 1129 „quoties
512 1090 821 1117 neccessum
870 1078 1070 1125 suerit,
1113 1079 1164 1117 in
1206 1081 1450 1120 exercitu
1492 1089 1686 1123 nostro

220 1134 553 1184 „quindecim
598 1134 888 1181 loricatos,
935 1140 982 1173 et
1025 1136 1199 1174 decem
1240 1138 1457 1186 pedites
1494 1152 1685 1179 verna-

219 1190 398 1237 „culos
432 1192 714 1241 expeditos
749 1192 1007 1229 habeant“
1030 1190 1086 1242 f).
1118 1192 1179 1230 De
1212 1191 1587 1234 communitatibus
1616 1197 1691 1237 hac

217 1247 376 1285 ratione
407 1247 557 1285 dotatis
592 1248 797 1286 Saxonum
829 1247 1260 1287 Transilvaniensium
1293 1263 1373 1288 una
1406 1265 1425 1289 e
1457 1253 1692 1303 praecipuis

218 1302 311 1343 suit.
340 1304 508 1353 Accepit
539 1303 607 1341 illa
640 1304 688 1341 ab
731 1304 870 1354 eodem
904 1305 1068 1343 Andrea
1110 1305 1161 1345 11.
1209 1306 1490 1356 amplissimos
1524 1309 1688 1349 favores

217 1359 294 1398 sub
334 1359 572 1397 conditione
617 1359 828 1398 Milites
879 1361 1205 1411 quingentos
1253 1363 1392 1401 inter
1435 1364 1688 1415 Regnum,

216 1422 265 1453 et
298 1415 459 1466 Regni
491 1415 896 1465 expeditionem
929 1418 1241 1466 deputandi,
1274 1425 1425 1458 extra
1457 1421 1688 1472 Regnum

217 1484 344 1510 vero
376 1477 603 1519 centum,
650 1472 696 1510 si
733 1472 833 1511 Rex
877 1473 927 1511 in
961 1486 1197 1523 persona
1229 1477 1456 1526 propria
1503 1478 1688 1528 iverit,

215 1528 409 1567 sivero
442 1527 859 1580 Jobbagyionem
882 1528 1039 1581 (Regni
1065 1530 1290 1584 Baronem)
1314 1533 1541 1582 miserit,
1572 1536 1688 1575 sive

214 1584 263 1624 in
296 1583 635 1638 adjutorium
668 1586 824 1625 amici
864 1586 973 1633 sui,
1006 1585 1124 1625 sive
1158 1587 1207 1626 in
1243 1589 1492 1640 propriis
1525 1604 1687 1644 nego-

213 1641 312 1680 tiis
360 1642 765 1693 quinquaginta
825 1648 1028 1682 tantum
1079 1643 1298 1684 Milites
1344 1646 1688 1701 mittendig).

212 1698 412 1738 Abstineo
435 1711 458 1737 3
482 1699 744 1738 recensendis
777 1699 1076 1738 exemtionibus
1106 1713 1202 1751 erga
1226 1702 1380 1740 similia
1403 1716 1527 1743 onera
1554 1706 1689 1744 Saxo—

212 1755 334 1794 nibus
366 1755 406 1794 in
439 1755 652 1805 Scepusi0‚
685 1754 935 1806 Hospitibus
962 1757 1008 1794 de
1030 1756 1141 1804 Pest,
1175 1758 1223 1795 de
1247 1758 1435 1810 Zolyom,
1468 1762 1516 1799 de
1537 1762 1689 1801 Szath-

213 1814 323 1858 mar,
370 1811 544 1862 aliisque
586 1812 947 1851 communitatibus
990 1818 1203 1862 praeterea
1234 1816 1466 1863 concessis,
1516 1830 1689 1869 quorum

212 1867 444 1920 complures
475 1869 584 1919 apud
616 1868 853 1908 Kovachich
886 1869 1017 1908 videri
1049 1876 1225 1920 possunt
1246 1870 1308 1925 ¹¹).

785 1993 832 2048 ἓ.
875 1995 985 2040 521.

533 2092 738 2138 Stctbz‘lz's
777 2093 879 2138 diez·
911 2108 1013 2140 non
1046 2106 1262 2154 poterat.

234 2185 455 2231 Variabat
500 2188 682 2233 interlin
721 2203 805 2249 pro
860 2192 1120 2251 sapientia,
1173 2194 1252 2239 vel
1299 2194 1465 2239 bellica
1504 2195 1684 2255 Regum

100 2259 367 2299 nostrorum
406 2254 587 2311 indole,
639 2262 776 2316 atque
816 2256 874 2302 ob
915 2258 1003 2303 alia
1045 2259 1260 2318 adjuncta
1296 2262 1527 2307 ordinaria
1567 2263 1683 2309 llaec

136 2395 169 2430 ε·)
196 2395 288 2428 Hist.
315 2397 393 2428 Jur.
422 2397 521 2430 Publ.
549 2400 722 2431 Amoenit.
750 2400 857 2432 Parte
884 2404 1048 2442 utraque.

138 2451 172 2492 b)
196 2452 304 2485 Notit.
332 2455 417 2486 Rer.
445 2456 549 2496 hung.
576 2456 616 2488 T.
644 2458 667 2487 1.
695 2466 727 2498 p.
755 2457 832 2488 169.
860 2461 896 2489 et
922 2466 999 2499 seq.

139 2510 169 2545 c)
199 2510 370 2550 Apocrjs.
398 2511 440 2542 de
468 2512 575 2544 Band.
605 2513 690 2544 item
719 2513 761 2544 de
788 2514 904 2545 veteri
931 2514 1047 2545 lnstit.
1075 2515 1123 2547 rei
1151 2515 1253 2547 milit.

140 2563 175 2606 d)
204 2566 476 2600 Animadversio
513 2569 546 2601 in
584 2571 791 2611 Apocryses
826 2571 868 2603 de
904 2571 1119 2612 Banderiis‚
1156 2573 1239 2605 item
1277 2574 1321 2606 de
1347 2575 1463 2607 veteri
1490 2575 1603 2608 instit.
1634 2577 1686 2609 rei

203 2612 302 2644 mitit.

139 2666 171 2706 ·)
195 2666 343 2709 llngurne
372 2667 558 2703 Qunbcricn.

138 2722 175 2763 f)
202 2724 256 2755 Ex
284 2717 493 2757 Kerchelicb
520 2729 593 2758 not.
623 2728 780 2768 praelim.
807 2731 965 2772 Regnor.
991 2735 1060 2765 etc.
1089 2743 1120 2774 p.
1150 2733 1227 2767 190.

135 2781 167 2821 Ι)
195 2781 397 2859 'geminiani
422 2781 456 2860 jn
484 2782 778 2864 υτῐέζὲοΤηιηείΙν.
806 2788 950 2829 p.16.et
966 2797 1009 2822 ex
1025 2791 1092 2824 hoc
1105 2791 1313 2825 Kovacbich
1333 2792 1365 2824 in
1380 2791 1491 2832 supp.
1518 2791 1560 2823 ad
1577 2789 1685 2824 Vest.

231 2837 327 2860 01111.
387 2852 395 2861 .
440 2852 448 2860 .
475 2838 506 2870 p.
603 2855 610 2862 .

133 2881 168 2927 h)
196 2883 260 2928 Op·
286 2888 320 2921 et
345 2885 413 2922 loc.
438 2886 498 2921 cit.
