1941 3143
193 112 284 156 166

189 221 568 267 decimarum
607 224 650 268 in
690 221 923 279 Hungaria
944 255 955 276 ,
996 228 1042 266 ct
1067 236 1257 281 quarum
1284 223 1329 267 in
1368 223 1526 282 specie
1554 221 1775 268 Albertus

189 290 394 334 meminit
434 290 506 346 ³),
557 290 708 344 Quin
724 304 749 348 q
768 304 793 332 u
811 290 1090 346 agesima
1111 304 1135 334 e
1189 292 1232 334 in
1286 290 1638 342 Transilvania,
1689 304 1778 335 nec

189 371 282 402 non
308 356 426 401 Mar
444 359 643 401 turina
662 371 703 411 e,
727 356 810 400 suh
839 356 1014 399 initium
1040 357 1086 400 in
1111 355 1308 415 pellibus
1334 358 1490 402 martis
1519 356 1775 414 desumtae,

189 439 243 470 ac
271 423 463 469 subinde
504 426 548 468 in
576 423 792 468 tributum
828 422 1075 482 pecuniale
1100 422 1340 482 reductae,
1379 438 1493 483 quas
1522 423 1778 469 Coloman-

189 506 274 538 nus
315 493 582 536 nominatim
610 503 694 550 pro
722 490 975 535 Sclavonia
1014 490 1343 546 ordinaverat,
1383 498 1428 535 et
1467 491 1681 535 Andreas
1719 489 1776 535 ΙΙ.

184 561 318 618 juxta
345 556 759 614 consvetudinem,
799 556 853 602 ab
892 556 983 601 hoc
1006 556 1381 603 Praedcccssore
1420 572 1504 602 suo
1542 558 1777 603 constitu-

188 633 308 682 tam,
347 625 546 685 dependi
584 624 733 670 voluit
775 623 844 685 1’);
896 623 986 669 huc
1025 623 1224 684 denique
1267 625 1487 680 Telonia,
1535 639 1652 684 quae
1692 639 1776 685 pro

190 708 279 739 usu
316 694 422 738 viae
464 707 487 736 a
527 692 873 737 transeuntibus
915 692 1251 751 colligebantur
1288 690 1429 749 “³53
1483 699 1620 752 atque
1659 692 1777 736 aliae

193 761 367 807 diversi
395 760 571 805 ordinis
609 762 987 821 praestationes,
1028 761 1072 804 in
1107 758 1391 821 reipublicae
1418 772 1529 804 usus
1564 765 1777 822 rogatae,

191 831 537 891 imperataeque
564 829 798 888 pertinent
840 827 891 892 c).

249 909 299 965 *)
331 910 490 949 Indicat
530 909 650 949 nobis
695 909 800 948 alios
843 910 950 948 inter
989 910 1096 961 Pray
1131 923 1175 949 ex
1223 910 1393 949 Litteris
1425 909 1612 948 Ladislai
1645 909 1781 949 Chuni

308 969 356 1006 de
376 969 430 1007 A0
455 966 576 1007 1276.
603 966 813 1005 collectam
836 966 1090 1015 victualium,
1119 972 1155 1004 et
1173 966 1500 1005 Marturinarum
1534 965 1575 1004 in
1608 966 1784 1005 Sclavo-

304 1025 386 1071 nia,
419 1037 518 1074 quae
550 1023 673 1074 vulgo
704 1022 965 1068 Zulusma‚
1000 1021 1062 1060 vel
1087 1022 1306 1073 Solyosma
1333 1022 1496 1069 dicitur,
1519 1023 1640 1073 inque
1663 1023 1784 1073 ipsis,

310 1083 360 1120 ad
395 1092 494 1131 quas
526 1092 618 1118 mox
651 1079 969 1129 provocavimus
1002 1079 1198 1117 Abbatiae
1225 1079 1485 1118 Zaladiensis
1511 1078 1783 1118 fundationa-

306 1138 416 1177 libus
450 1135 702 1175 Collectores
736 1140 815 1174 tam
849 1134 1103 1184 victualium,
1136 1148 1253 1186 quam
1280 1137 1544 1174 denariorum
1565 1136 1785 1175 memorari

307 1192 609 1232 animadvertit.
642 1191 801 1230 Horum
831 1193 1052 1231 eorundem
1077 1193 1229 1231 mentio
1255 1193 1294 1231 in
1327 1193 1648 1232 confirmatoriis
1676 1206 1783 1243 quo-

308 1263 383 1300 que
416 1251 455 1289 S.
489 1248 675 1287 Ladislai
706 1248 878 1287 Litteris
912 1249 1079 1287 totidem
1122 1249 1207 1287 sere
1243 1249 1379 1288 verbis
1412 1250 1567 1288 occurit
1588 1248 1647 1302 d).
1680 1249 1784 1288 Tri-

311 1307 405 1345 buta
438 1318 562 1357 porro
596 1306 636 1344 in
670 1305 780 1352 vino,
812 1311 851 1344 et
882 1306 1103 1356 pecoribus
1135 1305 1354 1356 aliquando
1377 1307 1576 1357 praestita
1602 1306 1662 1344 vel
1685 1306 1784 1344 illud

308 1363 449 1402 Bullae
482 1375 629 1401 aureae
656 1368 854 1401 statutum
879 1363 919 1415 0)
953 1361 1286 1414 „Cybriones
1319 1362 1392 1413 (ex
1426 1363 1649 1414 hungarico
1673 1362 1784 1402 Cso'-

313 1420 409 1467 bor,
439 1420 545 1470 quod
577 1424 727 1457 certam
763 1432 886 1458 urnae
918 1420 1094 1470 speciem
1127 1419 1317 1469 denotat)
1350 1419 1573 1467 tributa,
1608 1419 1785 1468 boves,

311 1483 358 1515 et
391 1477 522 1515 duas
556 1482 743 1526 partes
777 1482 1088 1515 castrorum
1120 1476 1225 1515 Rex
1257 1476 1537 1515 obtineat“
1572 1476 1783 1515 sufficiens

313 1534 480 1584 praebet
512 1532 806 1571 testimonium.

226 1603 304 1657 Μ)
339 1604 423 1643 Lex
457 1603 702 1644 colomanni
724 1603 767 1657 f)
801 1603 1115 1643 Libertatis
1149 1604 1403 1643 denarios
1436 1610 1568 1652 vocat,
1599 1604 1784 1654 compel-

310 1661 478 1700 lationis
511 1674 675 1699 causam
707 1666 826 1699 tenor
858 1661 946 1711 ipse
979 1660 1143 1700 articuli
1177 1661 1235 1700 sic
1267 1661 1461 1712 explicat:
1496 1661 1652 1709 ,‚Liber
1679 1674 1785 1712 quo-

317 1730 426 1768 „que
459 1717 626 1768 hospeS‚
660 1717 767 1756 sicut
800 1717 927 1766 Slavi,
962 1718 1024 1756 vel
1056 1718 1205 1756 caeteri
1237 1718 1448 1765 extranei,
1489 1718 1557 1769 qui
1589 1718 1631 1757 in
1663 1719 1786 1756 terris

312 1774 531 1824 „laborant
564 1774 772 1821 aliorum,
821 1787 917 1825 pro
966 1773 1226 1813 libertate
1282 1781 1483 1814 tantum
1529 1775 1786 1814 denarios

314 1832 493 1880 „dentz
537 1831 628 1870 Non
662 1831 768 1869 alios
800 1831 922 1870 etiam
955 1831 1149 1870 denarios
1186 1832 1359 1882 insuper
1390 1844 1465 1883 pro
1498 1844 1620 1883 opere
1651 1830 1788 1883 aliquo

314 1889 440 1937 „dare
472 1890 714 1940 cogantur.“

200 1957 301 2014 μεθ’)
334 1960 530 1998 Binorum
562 1958 842 2009 Diplomatum
885 1958 1171 2009 antiquorum,
1219 1959 1260 1997 in
1295 1958 1490 1998 Gamerae
1521 1959 1673 2010 Regiae
1702 1960 1788 1998 Ar-

316 2016 434 2054 chivo
468 2015 821 2062 delitescentium,
877 2015 1144 2060 reminiscor,
1193 2027 1293 2065 quae
1337 2015 1491 2053 telonia
1536 2015 1672 2053 simila
1712 2027 1787 2065 pro

316 2073 470 2111 tributo
503 2071 753 2118 habuerant,
788 2084 910 2110 unum
944 2071 1061 2109 Betae
1094 2071 1187 2117 lV.,
1220 2078 1336 2121 atque
1370 2070 1461 2123 ejus
1493 2071 1666 2122 Nepotis
1702 2071 1790 2109 La-

316 2127 438 2167 dislai
471 2127 656 2167 alterum.
711 2128 849 2167 Priori
892 2127 1091 2166 transfert
1128 2128 1214 2166 Rex
1256 2128 1296 2166 in
1337 2127 1702 2175 Fridericum‚
1742 2132 1792 2166 et

318 2184 753 2223 Bai-tholomeum
814 2185 871 2223 de
932 2183 1098 2234 Vegla
1160 2185 1431 2235 quamdam
1496 2183 1791 2224 Civitatem

317 2242 459 2280 circa
493 2240 651 2279 littus
685 2240 850 2279 maris
895 2241 1240 2287 existentem,
1288 2242 1411 2279 Scen
1456 2239 1657 2292 (Segnia)
1705 2253 1790 2279 vo-

321 2303 510 2344 catam,
553 2310 661 2336 cum
708 2297 954 2336 omnibus
998 2296 1115 2336 suis
1163 2296 1536 2344 utilitatibus,
1590 2303 1638 2335 et
1669 2308 1788 2347 per-

322 2354 576 2393 tinentiis
609 2353 900 2402 universis,
932 2352 1094 2393 simul
1125 2365 1231 2393 cum
1266 2353 1498 2402 tributo,
1532 2365 1620 2392 seu
1654 2352 1788 2391 telo-

244 2471 279 2512 ·)
306 2472 405 2505 1459.
431 2474 461 2505 7.

244 2529 281 2571 b)
309 2531 407 2562 1222.
434 2531 488 2562 27.

247 2590 279 2626 c)
306 2587 452 2619 Consuli
481 2587 522 2618 de
548 2587 602 2617 his
631 2590 699 2627 pot.
727 2587 819 2627 Pray
845 2584 879 2619 in
904 2588 995 2620 Hist.
1024 2589 1107 2628 Reg.
1132 2587 1248 2627 Hung.
1269 2590 1344 2618 not.
1370 2594 1489 2627 praev.
1511 2586 1553 2617 Τ.
1574 2587 1598 2618 1.
1630 2585 1667 2617 C.
1693 2585 1737 2617 11.
1757 2589 1792 2624 ει

308 2634 469 2666 (ΣΧΥΙΙΙ.
497 2633 616 2664 Palma
641 2637 711 2663 not.
729 2634 810 2664 Rer.
827 2635 936 2676 hung.
959 2636 998 2666 T.
1019 2635 1042 2666 1.
1062 2644 1092 2666 a.
1115 2644 1147 2676 p.
1170 2634 1248 2666 129.
1264 2649 1306 2655 —-
1325 2633 1401 2666 133.
1422 2651 1463 2656 -
1482 2636 1518 2664 et
1540 2631 1694 2675 sparsim
1719 2633 1790 2664 Ko-

310 2679 459 2712 vaehieu
488 2680 520 2709 in
545 2679 645 2711 Vest.
670 2680 797 2712 Coniit.

245 2735 279 2776 d)
307 2739 399 2776 Pray
431 2735 494 2777 Op.
521 2739 557 2768 et
577 2735 643 2767 loc.
670 2736 728 2767 cit.

245 2795 277 2833 ε)
305 2796 406 2828 1222.
431 2793 487 2826 29.

246 2852 281 2895 f)
309 2854 395 2887 Dec.
417 2853 453 2885 L.
477 2852 503 2885 1.
532 2849 568 2884 C.
594 2849 648 2884 80.
