1941 3143
206 103 269 152 94

207 217 381 263 Sacrae
412 212 630 262 Coronae
668 214 886 263 obnoxiis
925 231 1018 264 non
1055 218 1354 280 postulat,
1382 225 1459 266 aut
1483 214 1793 282 pra'esenss

206 290 308 340 tat,
347 283 429 330 sed
455 286 723 329 nominat
760 284 1218 348 Archi-Episcopos,
1257 286 1539 349 Episcopos,
1566 287 1792 346 Abbates,
1826 337 1833 342 ,

205 352 527 413 Praepositos,
567 350 849 409 Canonicos,
904 354 1172 414 eisdemque
1220 355 1356 416 plena
1408 371 1508 401 cum
1557 361 1792 416 potestate

205 418 484 479 homonyma
522 417 853 464 Beneficia
891 420 1397 478 Ecclesiastica,
1454 437 1571 486 quae
1613 422 1668 468 ab
1708 422 1794 468 hac

203 489 335 547 regia
374 486 752 531 denominatione
780 487 1010 533 interdum
1039 489 1176 534 etiam
1202 489 1455 549 regalia
1499 489 1792 550 compellan—

202 560 291 610 tur,
319 553 344 598 d
362 560 431 608 at,
460 552 485 597 d
503 567 571 597 011
590 567 614 596 a
634 560 664 609 t,
695 567 749 597 ac
776 568 842 599 co
862 553 1096 615 nfertt).
1124 555 1250 601 Idem
1267 557 1311 601 in
1339 556 1717 603 translationibus
1736 556 1792 602 de

204 636 294 666 uno
321 618 550 665 beneficio
580 622 626 664 in
653 619 776 665 aliud
803 620 996 679 obtinet,
1026 637 1138 683 quas
1156 622 1420 683 Hungariae
1448 623 1794 684 Reges—Ec-

205 687 397 744 clesiae,
451 694 498 732 et
534 685 838 748 Reipublicae
879 690 1122 735 commodo
1159 690 1204 735 id
1238 699 1529 751 exposcente
1565 717 1633 723 --
1670 692 1793 736 omni

204 761 416 816 tempore
442 754 755 799 instituerunt.
818 755 994 810 Quodsi
1038 757 1257 803 nonnulla
1295 773 1380 818 per
1413 759 1663 804 Antistites
1700 759 1792 803 ali-

200 822 384 884 quando
419 821 588 867 collata
614 821 763 867 fuisse
797 825 1166 882 remIniscimur,
1218 824 1262 869 id
1290 826 1358 869 eis
1383 851 1451 857 —
1488 832 1537 870 ut
1563 824 1792 870 formulae

198 889 497 936 collationum
525 890 744 935 continuo
772 889 1004 936 adhibitae
1032 892 1254 953 explicite
1284 891 1534 936 ostendunt
1575 889 1614 955 )
1639 916 1707 924 -
1732 906 1793 936 ex

201 959 480 1004 auctoritate
512 955 749 1012 duntaxat,
790 956 876 1002 sibi
913 973 937 1002 a
977 957 1269 1018 Principibus
1306 958 1666 1014 communicata,
1713 957 1792 1002 fa-

199 1040 309 1071 cere
337 1029 437 1070 erat
467 1026 712 1082 integrum.
775 1023 1169 1078 Quemadmodum
1194 1023 1306 1082 Ejus
1332 1025 1519 1070 nonnisi
1540 1037 1791 1086 expreSSO,

197 1100 275 1138 aut
322 1094 461 1136 tacito
514 1104 712 1135 assensu
773 1090 969 1136 fundare
1013 1092 1213 1151 analoga
1254 1091 1517 1149 hujusmodi
1564 1090 1791 1136 beneficia

196 1159 415 1214 Praelati,
454 1164 531 1202 aut
556 1160 769 1217 privatae
796 1157 997 1204 familiae
1035 1164 1249 1220 possunt,
1289 1165 1487 1219 actuque
1522 1159 1790 1215 nonnullae,

199 1226 254 1272 ab
306 1224 689 1272 antecessoribus
743 1227 813 1270 sic
860 1225 1079 1282 fundata,
1139 1229 1358 1288 personis
1418 1226 1600 1271 idoneis
1653 1227 1791 1271 attri-

196 1291 466 1352 huuntisst).
520 1291 699 1347 Quanta
738 1298 890 1338 autem
934 1293 1193 1354 religione,
1250 1299 1297 1339 et
1344 1295 1504 1354 rigore
1547 1298 1790 1354 utramque

195 1361 314 1407 hanc
343 1361 525 1420 Regum
557 1374 746 1405 suorum
781 1368 1063 1420 potestatem
1089 1360 1314 1407 inviolate
1341 1367 1668 1407 conservatam
1694 1375 1791 1407 vo·-

198 1430 371 1475 luerint
395 1428 704 1486 Regnicolae,
744 1434 957 1474 caeteras
983 1429 1104 1473 inter
1129 1442 1404 1475 numerosas
1432 1430 1789 1474 constitutiones

196 1495 332 1542 binae
369 1494 626 1552 Uladislao,
665 1500 712 1539 et
737 1494 975 1543 Ludovico
1004 1492 1058 1541 ΙΙ.
1099 1495 1404 1555 regnantibus
1445 1494 1664 1542 conditae
1701 1509 1787 1557 pro

198 1564 468 1613 testimonio
501 1568 620 1608 sunt.
659 1559 773 1620 ffb)

253 1675 304 1729 ἡ)
338 1673 468 1714 Stilus
515 1673 555 1712 in
601 1673 819 1713 collatione
875 1674 1062 1715 beneficii
1107 1674 1258 1714 similis
1304 1673 1483 1713 usitatus
1533 1673 1594 1714 sic
1641 1678 1782 1714 sonat:

310 1730 595 1781 „Auctoritatc
624 1730 743 1770 Juris
777 1731 1024 1771 patronatus
1056 1733 1189 1771 nostri
1219 1731 1346 1784 regii,
1380 1731 1486 1782 quod
1518 1730 1559 1769 in
1593 1729 1783 1768 omnibus

311 1788 471 1838 „Regni
502 1788 637 1826 nostri
667 1787 929 1840 Hungariae,
960 1789 1226 1840 Partiumque
1260 1786 1538 1841 subjectarum
1570 1785 1784 1831 EcclesiiS‚

311 1851 379 1895 „et
412 1843 618 1883 beneficiis
652 1857 763 1884 more
806 1846 997 1885 divorum
1039 1847 1209 1885 condam
1251 1844 1492 1896 Hungariae
1532 1843 1714 1895 Regum,
1746 1848 1784 1880 et

309 1901 524 1953 „exemplo
546 1901 916 1941 Praedecessorum
950 1908 1188 1941 nostrorum
1220 1900 1354 1940 felicis
1382 1901 1602 1939 memoriae
1627 1899 1782 1950 optimo

309 1957 429 2011 „jure
463 1957 683 2005 babemus,
715 1958 838 1997 simul
870 1971 961 1997 cum
993 1958 1185 1996 omnibus
1218 1957 1388 2004 castris,
1420 1956 1671 2003 clvitatibus,
1703 1967 1784 2006 op-

308 2014 462 2065 ‚‚pidis,
494 2013 630 2061 vittis,
662 2014 1025 2064 possessionibus,
1059 2012 1256 2063 praediis,
1289 2024 1333 2050 ac
1364 2011 1460 2051 aliis
1492 2013 1650 2052 cunctis
1683 2024 1783 2062 per-

309 2069 540 2121 ‚,tinentiis,
572 2074 609 2107 et
641 2070 856 2119 quibusvis
889 2069 1252 2120 possessionariis‚
1286 2068 1436 2117 ubivis,
1469 2074 1508 2108 et
1538 2069 1579 2108 in
1606 2069 1783 2120 quibus-

309 2138 496 2178 „cunque
542 2124 727 2178 ejusdem
775 2127 904 2177 Regni
950 2127 1081 2165 nostri
1128 2125 1390 2176 Hungariae,
1447 2131 1485 2164 et
1524 2125 1705 2176 partium
1748 2125 1785 2163 ei

309 2181 616 2235 „subjectarum
650 2181 924 2222 Comitatibus
956 2182 1122 2230 habitis,
1155 2187 1193 2221 et
1225 2181 1496 2220 existentibus
1529 2182 1577 2220 ad
1612 2193 1783 2232 eumque

307 2240 628 2290 „Episcopatum
660 2239 711 2279 N.
744 2239 1050 2290 spectantibus,
1094 2245 1131 2277 et
1163 2238 1368 2289 pertinere
1401 2238 1671 2288 debentibus,
1703 2251 1784 2289 pa-

309 2297 440 2348 „riter
469 2309 559 2335 cum
592 2296 780 2334 omnibus
814 2294 998 2348 ejusdem
1021 2295 1212 2341 Juribus,
1246 2294 1521 2343 libertatibus,
1554 2306 1786 2345 praeroga-

312 2353 466 2403 „tivis,
513 2358 551 2390 et
582 2352 677 2390 aliis
719 2352 1026 2403 quibuscunque
1071 2351 1378 2400 emolumentis,
1423 2351 1571 2401 quovis
1603 2350 1783 2389 nominis

308 2408 534 2459 „vocabulo
578 2408 791 2457 vocitatis,
822 2408 964 2447 Eidem
1006 2407 1056 2447 N.
1088 2408 1139 2447 N.
1171 2408 1374 2451 dandum,
1418 2413 1456 2446 et
1487 2407 1780 2446 conferendum

307 2466 530 2515 „duximus
560 2486 613 2492 --
647 2487 698 2492 —
733 2486 785 2493 —
819 2465 900 2504 imo
933 2465 1102 2513 damus,
1144 2470 1183 2503 et
1213 2463 1466 2503 conferimus
1501 2463 1779 2514 praesentium

311 2535 412 2574 „per
444 2523 653 2560 tenorem“
687 2527 760 2561 etc.

223 2611 298 2667 ἢ)
332 2606 583 2649 Nominatim
615 2607 775 2646 confert
805 2606 977 2646 Familia
1007 2606 1261 2657 Erdo‘dyana
1291 2605 1508 2645 Abbatiam
1538 2605 1784 2646 Csatzirien-

305 2678 406 2714 sem,
437 2664 673 2710 Ja'keusem,
706 2670 743 2702 et
774 2664 1109 2715 praeposituram
1137 2663 1459 2713 Peczeliensem3
1488 2685 1540 2691 ——
1563 2663 1783 2702 Ratotien—

309 2735 419 2769 sem,
452 2726 491 2759 et
521 2720 850 2773 Hossingiensem
891 2721 1090 2772 Princeps
1121 2719 1400 2773 Eszterhazy,
1432 2743 1485 2749 —
1516 2718 1639 2759 Felsii
1670 2718 1782 2759 Eor-

233 2866 265 2908 ιν)
292 2866 371 2899 Yid.
399 2875 443 2898 ex
471 2863 572 2898 mult.
598 2865 741 2900 formul.
766 2865 873 2898 simil,
898 2864 990 2907 apud
1014 2861 1161 2907 Petersy
1188 2864 1301 2900 Conc.
1324 2865 1443 2906 Hung.
1467 2864 1507 2897 P.
1531 2863 1575 2897 Π.
1599 2871 1632 2905 p.
1656 2862 1689 2896 2.
