1941 3143
192 100 254 146 52

190 218 282 268 tur,
320 211 367 257 in
391 208 532 256 mixta
573 208 790 256 sessione
828 205 1025 253 obtineri
1065 205 1290 255 hactenus
1330 208 1670 267 intendebatur,
1709 215 1782 256 ast

190 293 342 339 neque
370 285 478 324 tunc
504 284 616 324 vota
644 277 817 322 curiata
843 275 995 321 locum
1013 274 1266 335 habenst),
1295 277 1675 338 quemadmodum
1693 291 1781 322 nec

189 348 420 392 unanimia
462 359 662 406 unquam
699 344 1027 404 requiruntur,
1078 350 1232 389 mutua
1270 343 1525 392 Comitialis
1566 346 1780 406 corporis

192 416 464 470 consensio,
504 428 558 458 ac
583 426 857 474 quacunque
887 410 1071 458 tandem
1088 413 1268 458 ratione
1294 413 1562 475 praehabita
1580 415 1780 458 omnium

198 484 385 528 nomine
411 480 804 541 Repraesentatio
822 505 889 512 —
918 481 983 524 uti
1009 481 1157 525 nostri
1185 494 1284 524 eam
1312 481 1501 527 litterati
1525 489 1697 528 vocant
1714 505 1782 514 --

196 549 399 610 desuper
427 548 650 593 adornata
677 560 762 609 per
798 546 1082 604 Praesidem,
1119 555 1165 593 et
1191 546 1343 608 Regni
1380 549 1652 606 Primatem,
1692 564 1780 610 qua

190 630 429 673 summum,
469 621 516 660 et
553 614 868 661 Secretarium
903 614 1055 675 Regni
1082 614 1420 663 Cancellarium
1458 616 1780 674 subscribitur,

192 690 238 729 et
263 683 443 744 Regiae
472 682 710 740 MaJestati
737 681 1030 729 submittitur.

240 780 291 835 *)
323 780 491 820 Erravit
521 779 674 832 oppido
707 778 967 819 vehementer
998 781 1185 834 Szaszky
1206 781 1266 836 ¹),
1300 781 1368 833 qui
1400 781 1440 821 in
1473 781 1541 830 iis,
1574 794 1675 834 quae
1690 781 1783 821 sin-

297 838 419 890 gulos
451 843 648 890 tangunt,
694 836 754 876 uti
796 843 893 876 sunt
925 835 1128 887 collecta,
1176 844 1214 877 et
1253 837 1455 886 Tributa‚
1503 838 1782 889 pluralitatem

296 901 489 934 votorum
520 907 600 934 non
632 893 783 932 habere
816 894 972 934 locum:
1007 895 1103 946 quin
1137 907 1263 946 porro
1296 895 1338 933 in
1379 895 1557 946 negotiis
1590 895 1784 946 Religio-

297 952 363 991 nis
403 952 548 1001 etiam,
591 950 793 1002 aliisque,
837 951 877 990 in
912 951 1060 1002 quibus
1103 963 1243 990 omnes
1288 963 1370 990 non
1411 957 1615 1003 tamquam
1659 963 1783 991 unum

296 1021 465 1060 corpuS‚
497 1010 569 1048 sed
602 1014 812 1060 tamquam
844 1014 984 1058 partes
1017 1007 1192 1047 invicem
1225 1006 1477 1047 dissidentes
1509 1008 1785 1049 consideran-

298 1072 380 1113 tur,
412 1066 543 1105 solam
576 1065 746 1103 amicam
778 1064 1115 1113 transactionem,
1148 1064 1257 1104 haud
1289 1070 1454 1104 servato
1485 1065 1783 1116 suffragiorum

298 1135 492 1169 numero,
539 1121 651 1160 litem
695 1121 889 1160 dirimere
931 1122 1133 1170 somniat3
1183 1134 1261 1173 quo
1305 1121 1408 1162 nihil
1452 1123 1584 1175 magis
1621 1122 1730 1162 foret
1761 1134 1785 1160 a

300 1185 434 1220 rectae
466 1177 742 1232 legislationis
775 1178 995 1230 principiis
1028 1179 1222 1220 alienum.

879 1321 927 1376 §.
968 1322 1079 1368 405.

194 1420 367 1466 Utrum
404 1423 551 1466 unius
588 1421 762 1466 Statu-5²
804 1418 1152 1466 contradictio
1188 1417 1436 1466 Conclusa
1473 1418 1783 1478 reliquorum

701 1506 925 1562 offecerit
968 1500 1284 1562 aliquando?

327 1615 739 1663 Consentientibus
766 1615 959 1676 reliquis
998 1614 1143 1660 tribus
1170 1613 1401 1673 Statibus,
1443 1615 1783 1663 contradictio-

185 1699 292 1731 nem
318 1684 460 1741 Cleri,
490 1684 571 1730 vel
597 1683 864 1739 liberarum,
893 1684 1220 1742 regiarumque
1249 1680 1498 1729 Civitatum
1529 1690 1639 1745 post
1666 1682 1784 1729 sub—

190 1759 398 1798 secutum
437 1765 681 1797 assensum
719 1752 916 1810 regium,
953 1751 1111 1810 vigori
1149 1749 1290 1809 Legis
1316 1750 1378 1796 nil
1417 1751 1650 1808 offecisse,
1693 1749 1785 1794 do-

191 1827 298 1866 cent
331 1821 636 1883 repetitarum
664 1816 1048 1874 Conclusionum,
1090 1832 1209 1879 quae
1236 1831 1332 1863 non
1363 1816 1546 1876 desunt,
1575 1825 1779 1864 tenores,

188 1884 533 1934 Intercesserat
574 1888 825 1933 universus
868 1884 1035 1931 Clerus
1089 1884 1209 1929 haud
1259 1885 1405 1930 semel
1454 1884 1685 1940 articulis,
1737 1885 1783 1926 in

188 1954 552 2001 Protestantium
581 1948 793 2000 fautorem
822 1952 1037 2005 conditis,
1066 1951 1149 1996 sed
1176 1953 1316 1996 toties
1347 1953 1497 2012 palam
1525 1950 1782 1996 subnexum

190 2025 396 2079 exstitit,
435 2022 554 2067 hanc
589 2019 958 2078 refragationem
1005 2017 1174 2063 nullius
1229 2031 1428 2077 unquam
1478 2017 1582 2063 fore
1633 2016 1781 2062 firmi-

187 2092 295 2135 tatis
337 2088 398 2148 ¹³).
461 2088 587 2133 Idem
626 2086 814 2142 liberis,
869 2087 1107 2145 regiisque
1149 2083 1423 2130 Civitatibus
1465 2086 1639 2141 evenit,
1679 2083 1782 2128 dum

188 2156 438 2217 aliquando
480 2162 643 2201 contra
682 2153 897 2216 proxime
937 2158 1073 2197 antea
1113 2153 1397 2213 praeteritae
1429 2151 1625 2198 Diaetae
1663 2152 1782 2196 arti-

189 2224 322 2270 culos
352 2239 481 2272 suam
514 2223 912 2284 interposuissent
939 2220 1357 2266 contradictionem
1400 2221 1458 2279 ⁰).

895 2371 942 2427 ξ.
982 2371 1094 2418 406.

618 2472 885 2517 Decretum
927 2468 1189 2516 comitiale
1226 2468 1381 2530 quid?

327 2570 575 2632 Responsa
607 2567 774 2629 Regia,
811 2575 861 2615 ut
898 2567 953 2614 de
982 2567 1299 2615 antecedanea
1331 2566 1637 2612 Decretoruin
1676 2563 1782 2610 for—

233 2729 267 2772 8)
295 2731 359 2774 op.
386 2731 444 2764 cit.
472 2730 510 2765 C.
539 2732 569 2765 5.
595 2730 626 2771 ξ.
657 2730 710 2763 10.
736 2732 809 2762 not.
835 2729 867 2761 6.

231 2788 267 2831 b)
295 2790 395 2823 1647.
422 2791 453 2823 5.
480 2788 581 2822 1681.
608 2788 663 2821 26.
688 2805 732 2809 —
758 2787 859 2820 1687.
885 2786 940 2818 22.
968 2788 1004 2817 et
1030 2785 1129 2819 1791.
1155 2786 1213 2819 26.

231 2848 264 2889 c)
291 2846 392 2883 1649.
420 2846 474 2883 14.
501 2847 585 2880 item
612 2846 717 2886 hujus
744 2845 785 2880 Α.
813 2845 893 2878 acta
922 2842 1049 2875 Comtt.
