1941 3143
1655 114 1717 163 25

136 222 458 282 Francofurti,
494 223 573 271 vel
613 225 733 288 apud
770 226 975 273 Polonos
1018 225 1059 284 ²¹)
1103 223 1347 284 aliquando
1390 225 1715 283 usuveniebat,

140 302 185 342 et
210 298 254 342 in
281 294 446 354 Regno
471 292 725 340 Bohemiae
753 294 1000 340 hodiedum
1025 292 1236 355 persistit
1260 288 1359 349 mxc).

196 377 245 430 ⁴⁶)
275 375 578 415 Ferdinandum
610 375 667 424 1.,
715 388 804 415 cum
845 375 972 415 Albae
1014 378 1305 422 coronaretur,
1347 371 1516 425 Equites
1550 380 1716 414 auratos

246 445 431 482 creasse,
464 431 645 472 Ursinus
678 433 727 471 ad
760 446 912 472 morem
946 431 1245 484 praevigentem
1279 432 1565 481 provocando,
1599 430 1715 471 fidem

247 489 343 529 facit
362 490 421 543 ¹³).
456 489 748 541 sigismundus
780 491 834 529 ΑΟ
863 488 980 529 1387.
1011 489 1074 527 die
1108 487 1401 528 Coronationis
1433 500 1530 527 suae
1561 487 1717 528 Panta-

245 547 402 587 leonem
433 545 565 585 Barbo
607 547 809 589 Venetum
841 546 1039 600 Legatum
1071 545 1260 596 Equitem
1305 544 1452 584 fecisse
1484 545 1634 597 legitur
1654 546 1716 600 ο).

162 602 238 658 ἕΜ)
274 603 391 650 Quod
417 616 512 642 vero
544 602 740 643 honorem
771 604 878 643 hunc
910 603 1030 642 etiam
1063 603 1228 642 diverso
1261 614 1284 640 a
1309 601 1588 641 coronatione
1611 609 1717 643 tem-

246 673 343 713 pore
375 661 505 713 Reges
538 660 800 700 benemeritis
834 660 1066 709 tribuerint,
1099 659 1310 710 complura
1343 659 1508 698 omnino
1538 659 1718 700 existunt

246 718 435 770 vestigia,
467 718 508 756 in
541 718 676 769 specie
709 718 749 756 in
782 718 955 768 quodam
988 722 1052 755 sat
1083 722 1244 756 vetusto
1269 717 1550 768 manuscripto
1571 718 1717 757 Adami

201 773 205 776 ’
246 776 414 815 condam
444 771 684 828 Rajcsanyi,
717 780 861 826 postea
891 773 1057 826 Aloysii
1087 773 1178 812 Lib.
1210 773 1384 812 Baronis
1409 774 1715 828 Mediiyaszlq,

246 833 351 884 quod
378 831 540 872 titulum
573 832 763 880 „Liber
795 830 1052 871 Stilorum
1087 829 1476 870 cancellariae<
1511 831 1551 870 in
1580 831 1716 871 fronte

248 889 378 942 gerit,
419 894 456 928 et
488 888 705 928 formulam
747 888 854 928 inter
895 888 1035 940 plures
1076 884 1202 940 hujus
1234 887 1397 937 generis
1429 887 1613 936 exhibet,
1643 902 1717 940 per

248 958 366 997 quam
400 946 530 993 idem,
563 958 677 996 quem
711 959 838 997 supra
868 945 1203 992 nominaveram,
1234 918 1520 984 Ferdinandus
1552 946 1715 985 titulum

247 1002 392 1042 Aurati
422 1002 611 1053 EquitiS,
651 1008 695 1041 ut
726 1004 810 1042 Rex
841 1002 1105 1053 Hungariae,
1152 1013 1344 1052 supremo
1375 1002 1564 1049 Musico,
1597 1009 1715 1054 atque

247 1059 506 1109 organistae,
538 1059 871 1099 excellentissimi
903 1052 1118 1110 cujusdam
1147 1058 1380 1109 Principis,
1411 1060 1570 1098 reticito
1599 1061 1714 1099 utri-

248 1128 374 1166 usque
406 1115 582 1162 nomine,
616 1115 790 1168 largitus
823 1122 899 1155 est.
933 1115 1100 1164 Simile,
1132 1120 1176 1154 ut
1208 1115 1289 1154 dici
1318 1122 1452 1164 amat,
1485 1116 1714 1165 Stilarium,

245 1171 352 1210 inter
383 1178 472 1210 acta
518 1171 794 1213 cancellariae
833 1172 984 1223 Regiae
1025 1176 1334 1220 conservatum,
1382 1172 1576 1212 honorem
1608 1174 1715 1214 hunc

242 1240 368 1279 porro
400 1228 519 1266 etiam
561 1241 667 1269 anno
709 1230 839 1269 adhuc
883 1228 1005 1268 1590.
1037 1235 1151 1268 extra
1191 1228 1493 1269 coronationem
1536 1230 1716 1270 conferri

243 1284 507 1324 consvevisse
567 1290 754 1327 testatur.
823 1285 1039 1325 Prioribus
1094 1286 1158 1325 his
1206 1285 1432 1337 exemplum
1481 1287 1713 1339 Stephanus

243 1341 418 1380 Bardius
467 1340 663 1382 victoriae
709 1344 757 1381 de
802 1342 953 1381 Tureis
1010 1348 1241 1394 reportatae
1298 1344 1473 1383 nuncius
1534 1345 1713 1395 praebet,

240 1397 441 1438 A015‘22.
490 1409 512 1434 a
553 1397 766 1438 Ludovico
808 1399 859 1440 ΙΙ.
901 1399 1063 1451 gladio,
1109 1399 1441 1451 calcaribusque,
1487 1408 1525 1440 et
1571 1408 1713 1452 torque

239 1467 366 1493 aureo
408 1454 609 1503 donatiiS,
657 1455 899 1506 solennique
940 1456 1049 1504 ritu,
1095 1457 1389 1496 assistentibus
1433 1471 1452 1496 e
1494 1458 1714 1497 Procerum

241 1512 384 1551 ordine
407 1523 524 1562 quam
556 1512 762 1562 plurimis,
796 1513 835 1551 in
860 1511 1053 1564 Equitum
1085 1514 1336 1552 Auratorum
1359 1527 1572 1554 numerum
1600 1515 1715 1554 rela-

239 1574 330 1617 tus,
362 1574 405 1607 ut
436 1567 553 1606 testis
586 1571 645 1609 rei
676 1576 813 1622 gestae
835 1570 1097 1623 Istvtinffyus
1129 1576 1292 1610 enarrat
1312 1569 1369 1621 d),
1403 1570 1546 1611 Utrum
1580 1578 1713 1611 autem

240 1625 337 1664 haec
378 1632 614 1666 ornamenta
660 1628 832 1666 caeteris
875 1627 994 1666 etiam
1037 1627 1257 1678 Equitibus
1300 1627 1575 1669 obvenerint?
1621 1629 1713 1681 quis

239 1688 382 1722 auctor
412 1681 454 1721 in
486 1681 625 1723 Patria
660 1683 815 1724 fuerit?
855 1684 1075 1724 etiamnum
1107 1684 1148 1723 in
1182 1685 1357 1724 obscuro
1390 1691 1464 1724 est.

825 1823 873 1880 ὃ.
914 1824 1024 1871 358.

677 1922 812 1970 Ordo
838 1924 886 1969 S.
914 1923 1166 1982 Stephani.

256 2034 464 2094 Eodem,
517 2049 605 2097 quo
647 2033 969 2096 sigismundus
1007 2034 1119 2081 Jure
1157 2033 1397 2094 utebatur,
1447 2036 1703 2100 eademque

126 2086 358 2164 potestate
399 2103 543 2149 Maria
583 2102 810 2150 Therasia
844 2103 983 2149 Anno
1027 2104 1169 2151 1764.
1214 2103 1287 2150 die
1323 2105 1367 2152 6.
1409 2102 1529 2161 Mai,
1570 2106 1706 2153 editis

129 2169 397 2214 solennibus
424 2170 609 2216 Litteris
653 2172 724 2229 ⁶³),
762 2172 950 2232 proprie
977 2169 1289 2231 Hungaricum
1322 2170 1534 2219 Sancti
1572 2173 1707 2221 Ste-

126 2235 309 2295 phani
359 2236 537 2296 Regis
587 2238 953 2300 Apostolici
1006 2239 1297 2285 OrdInem
1336 2242 1514 2297 erexit,
1569 2241 1700 2298 cujus

125 2303 320 2361 Magnus
346 2303 570 2363 Magister
607 2307 651 2350 in
677 2313 902 2367 perpetua
930 2312 1140 2368 tempora
1179 2309 1280 2368 ipse
1306 2306 1411 2354 Rex
1435 2307 1699 2368 Hungariae

126 2369 276 2427 foret,
326 2371 638 2418 Cancellarius
684 2374 830 2429 idem,
880 2375 956 2434 qui
995 2374 1116 2420 illius
1155 2389 1240 2435 pro
1290 2381 1504 2436 tempore
1555 2375 1702 2421 Aulae

127 2436 452 2485 Cancellarius.
472 2440 861 2495 Quemadmodum
886 2455 1002 2486 vero
1031 2456 1203 2488 summa
1229 2444 1276 2488 in
1301 2442 1387 2488 hac
1411 2442 1703 2490 Institutione

165 2580 198 2620 ³)
226 2582 402 2623 Lengnich
430 2584 497 2615 Jus
518 2584 619 2616 Pnbl.
645 2585 815 2617 Poloniae
840 2586 878 2618 T.
907 2587 932 2618 1.
954 2586 992 2619 L.
1021 2588 1054 2620 2.
1081 2588 1118 2620 C.
1147 2589 1177 2622 5.
1204 2598 1234 2630 p.
1262 2587 1339 2623 154.

167 2637 203 2679 h)
230 2640 284 2671 De
312 2639 404 2671 bello
428 2641 632 2674 Pannonico
654 2643 690 2675 L.
712 2643 743 2675 2.
772 2653 804 2685 p.
830 2643 885 2677 38.

162 2700 196 2740 c)
225 2697 330 2729 Bern.
362 2698 578 2729 Giustiniani
603 2699 722 2731 Storia
742 2701 773 2732 di
800 2702 942 2744 tuttigli.
971 2702 1052 2735 Ord.
1082 2702 1183 2735 milit.

162 2751 197 2797 d)
227 2755 364 2787 Hister.
395 2755 430 2786 L.
458 2756 488 2786 7.
516 2755 596 2786 edit.
624 2765 722 2789 meae
750 2768 779 2799 p.
806 2759 860 2791 66.

163 2810 196 2853 0)
223 2814 379 2852 Quarum
403 2812 623 2854 Autograph.
648 2814 681 2845 in
701 2814 847 2848 Archiv.
868 2817 956 2859 Reg.
977 2817 1103 2850 videre
1127 2819 1265 2860 poteria
1288 2819 1354 2851 sub
1376 2818 1482 2850 Titul.
1508 2815 1700 2849 constitut.

225 2868 331 2911 lusig.
359 2868 478 2904 Ordin.
505 2869 542 2902 S.
566 2870 749 2913 Stephani.
