1941 3143
237 127 329 174 156

346 237 608 289 „requirente
636 233 710 288 (eo
738 238 845 288 quod
880 236 984 276 idem
1022 235 1237 276 Palatinus
1271 250 1318 276 ex
1357 241 1473 289 parte
1510 235 1824 288 Regnicolarum

346 295 526 345 „Regiae
550 294 772 333 Serenitati
808 307 853 332 ex
892 299 1007 344 parte
1039 293 1175 344 ipsius
1210 294 1362 346 Regiae
1393 292 1631 346 majestatis
1666 294 1827 348 Regni-

343 351 474 400 ‚.‹:olis
497 351 722 398 Judicium,
754 357 792 389 et
813 350 1021 404 justitiam
1038 350 1170 389 facere
1198 358 1347 401 potest,
1380 358 1417 389 et
1445 354 1624 398 tenetur)
1651 364 1697 390 ex
1721 365 1825 392 con-

345 408 470 457 „silio
492 407 794 456 praelatorum,
826 413 864 447 et
888 407 1110 457 Barouum,
1142 420 1187 447 ac
1209 408 1340 460 Regni
1367 407 1579 447 Nobilium
1620 408 1710 459 pari
1747 422 1825 448 vo-

344 465 525 514 „luntate
551 464 718 516 eligat.“·

926 537 972 593 §.
1015 538 1127 584 212.

717 622 794 667 De
828 621 1165 680 subreptionis
1200 626 1331 670 vilio.

364 707 538 751 Verum
567 703 777 766 Capitula
806 730 875 737 —-
903 704 1025 751 dicet
1051 705 1216 766 aliquis
1239 733 1306 739 —-
1331 706 1386 751 ad
1419 721 1536 767 quae
1575 707 1824 764 servanda,

221 773 528 834 jurejurando
562 772 777 818 Andreas
801 771 856 817 ΙΙ.
885 773 1080 834 ejusque
1107 773 1211 831 filii,
1253 789 1307 819 ac
1335 774 1484 834 Regni
1513 775 1742 820 Proeeres
1771 789 1822 819 se

228 858 384 889 coram
411 841 717 887 Praenestino
745 840 880 886 Sedis
908 841 1215 903 Apostolicae
1255 842 1410 900 legato
1454 841 1822 888 obstrinxerunt.

229 927 330 956 eam
368 912 607 956 continent
646 910 971 969 sponsionem:
1016 908 1361 966 „Promittimus
1397 923 1481 969 per
1511 924 1596 954 nos
1639 912 1824 954 consti-

228 986 409 1037 „tuere‚
465 984 510 1022 et
549 976 658 1021 dare
699 977 969 1035 singulis
1021 991 1090 1020 an
1108 978 1203 1021 nis
1243 976 1527 1031 Palatinum,
1565 976 1645 1022 vel
1689 976 1824 1021 alium

228 1047 318 1105 „de
358 1042 728 1104 Jobbagionibus
777 1046 953 1088 nostris
988 1069 1055 1077 -
1093 1069 1160 1075 ——
1197 1058 1333 1104 quem
1382 1042 1607 1089 faciemus
1644 1045 1823 1102 jurare5

228 1114 383 1175 „quod
419 1111 684 1158 Mandatum
734 1116 944 1155 nostrum
990 1111 1244 1156 secundum
1285 1113 1373 1156 ista
1412 1110 1611 1157 fideliter
1651 1111 1823 1173 imple-

228 1182 352 1239 „him
397 1181 455 1238 ⁸).
493 1180 613 1224 Dein
641 1177 845 1223 Litterae
874 1177 1398 1236 adjudicatoriae
1437 1180 1483 1224 in
1521 1194 1661 1224 causa
1702 1194 1823 1239 qua-

227 1249 329 1294 dam
354 1247 584 1293 Abbatiae
612 1244 942 1307 Tihanyiensis
985 1246 1242 1307 productae
1285 1245 1328 1304 ¹³)
1370 1248 1482 1291 citra
1523 1245 1660 1292 ullam
1701 1261 1823 1292 con-

226 1317 506 1362 troversiam
535 1313 802 1371 ostendunt,
841 1313 1127 1360 Ludovicum
1161 1313 1195 1358 Ι.
1235 1315 1353 1358 intra
1383 1314 1549 1359 Annos
1593 1315 1734 1361 1385.
1778 1321 1823 1359 et

232 1386 373 1432 1389.
408 1390 504 1428 tres
532 1382 769 1428 Palatinos
810 1381 956 1441 gradu
992 1383 1230 1431 movisse„
1271 1381 1557 1441 totidemque
1594 1380 1664 1427 hIs
1704 1382 1822 1427 alios

226 1452 538 1498 substituisse.
567 1448 668 1494 Nec
691 1463 798 1494 raro
826 1451 872 1494 in
896 1448 1067 1494 chartis
1082 1449 1323 1495 veteribus
1340 1449 1654 1495 Palatinorum
1670 1463 1821 1510 quos-

226 1520 327 1565 dam
348 1519 455 1576 jure
481 1517 751 1579 postliminii
783 1516 838 1561 ad
866 1515 955 1562 hoc
982 1516 1192 1563 Officium
1218 1516 1416 1562 reduces
1444 1518 1661 1578 reperiri,
1701 1517 1819 1563 alios

226 1586 377 1632 addita
403 1585 573 1632 vocula
610 1583 846 1646 pridem
881 1583 1117 1631 Palatinos
1161 1584 1458 1646 compellari,
1510 1599 1663 1646 neque
1702 1600 1819 1632 vero

226 1654 447 1700 credibile
489 1667 628 1709 esse,
679 1652 824 1697 variis
864 1653 967 1698 istis
1005 1652 1087 1698 sub
1127 1652 1321 1714 epochis
1351 1651 1545 1698 Comitia
1573 1656 1821 1714 quotannis

225 1729 415 1777 coacta,
468 1734 620 1766 novus
661 1725 710 1764 ut
759 1721 804 1765 in
841 1720 897 1764 iis
942 1720 1178 1768 Palatinus
1218 1720 1439 1767 Ordinum
1490 1720 1821 1781 suffragatione

225 1790 337 1850 eligi
362 1788 576 1836 valuerit.

925 1871 971 1927 §.
1014 1872 1126 1918 213.

683 1958 955 2014 Perperam
993 1954 1366 2000 condemnatur.

361 2038 453 2084 Sed
495 2053 588 2084 non
616 2037 726 2082 illud
753 2043 1095 2098 propugnatum
1121 2049 1268 2095 pergo
1287 2070 1297 2081 .
1348 2038 1479 2097 quasi
1507 2040 1727 2099 antiquae
1756 2039 1817 2084 illi

222 2106 551 2153 consvetudini
598 2106 809 2166 nuspiam
850 2104 1019 2148 suisset
1059 2102 1361 2162 derogat111113
1410 2107 1520 2165 quin
1559 2109 1715 2168 potius
1755 2133 1822 2139 —

219 2189 304 2237 pro
322 2177 492 2219 usitato
512 2175 664 2233 gentis
686 2178 1039 2217 inore—recte
1057 2170 1192 2227 hujus
1208 2171 1479 2217 violationis
1509 2175 1552 2218 in
1579 2181 1818 2235 posterum

222 2241 580 2305 praecavendae
621 2254 763 2285 causa
803 2238 1021 2284 disertam
1061 2238 1143 2282 sul)
1170 2238 1367 2284 Alberto
1396 2239 1550 2300 legem
1576 2242 1819 2303 perlatam‚

220 2318 266 2356 et
307 2324 408 2355 cum
443 2311 607 2354 iterum
643 2307 931 2362 violaretur‚
973 2305 1164 2351 totidem
1207 2306 1388 2351 vicibus
1428 2310 1641 2354 iteratam
1669 2308 1818 2355 fuisse

221 2378 413 2423 fundate
468 2377 687 2433 conjicio.
736 2401 803 2406 —
853 2373 953 2419 Nec
991 2373 1249 2434 praetendo
1292 2389 1382 2432 ego
1426 2378 1589 2435 quavis
1631 2377 1817 2422 omnino

221 2452 373 2490 aetate
400 2446 590 2506 proprie
618 2450 793 2488 tantum
819 2443 865 2486 in
882 2440 1257 2501 RegniComitiis
1285 2440 1518 2487 Nobilium
1546 2443 1668 2488 istud
1695 2458 1817 2489 con-

221 2513 370 2559 silium
395 2527 480 2573 pro
509 2512 599 2557 hoc
625 2511 787 2557 Officio
816 2508 1106 2554 conserendo
1137 2511 1436 2554 convenisse.
1477 2509 1628 2556 Eccur
1657 2518 1809 2558 autem

218 2587 328 2626 vota
357 2581 504 2627 sacri.
544 2594 598 2624 ac
623 2577 808 2640 profani
836 2576 1020 2622 Ordinis
1049 2575 1105 2621 ad
1133 2591 1282 2621 annua
1310 2576 1450 2623 Festo
1479 2579 1638 2624 Sancti
1663 2579 1810 2640 Regis

220 2648 431 2694 solennia
476 2648 515 2703 ⁰)
582 2645 911 2692 confluentium
966 2643 1177 2690 exaudiri
1238 2659 1332 2690 non
1382 2647 1686 2707 potuissent?
1735 2653 1811 2692 aut

259 2758 290 2799 ³)
316 2760 371 2791 Ex
397 2760 474 2791 Act.
502 2759 615 2791 vatic.
643 2759 800 2800 Reynald
828 2768 884 2801 op.
911 2759 968 2790 cit.
995 2756 1039 2789 ad
1065 2757 1279 2792 Ann.1233.
1304 2759 1401 2792 conf.
1426 2759 1520 2802 Pray
1538 2760 1664 2794 Annal.
1689 2760 1798 2800 flung

258 2852 293 2888 b)
316 2805 570 2894 nglbpigizssl

258 2898 292 2941 c)
317 2898 481 2933 Andreae
500 2898 628 2932 Bullae
656 2898 797 2932 Aureae
826 2897 901 2930 Art.
933 2897 964 2930 1.
