1941 3143
1619 91 1682 137 37

207 203 425 245 Bohemiae
457 203 565 255 Rege
599 200 829 249 conclusae,
859 199 1006 252 quibus
1035 196 1139 238 alter
1169 196 1464 248 paciscentium
1503 200 1682 252 Stepha-

208 274 286 300 nus
308 260 381 297 V¹¹⁹
422 259 705 307 „includentes
736 281 787 285 -
811 256 942 308 inquit
966 255 1093 294 eidem
1124 254 1229 307 paci,
1261 259 1298 292 et
1322 256 1458 295 eadem
1482 257 1682 297 vallantes

210 317 379 368 „Regna
410 322 575 362 nostra,
619 314 807 354 videlicet
847 312 1070 365 Ungariam
1093 341 1103 359 ,
1142 310 1415 360 Dalmatiam,
1459 312 1682 360 Croatiam,

210 373 422 421 „Ramam,
455 372 654 418 Serviani,
688 370 900 418 Galiciam,
932 368 1236 415 Lodomeriam,
1271 366 1508 408 Comaniam
1530 399 1541 418 ‚
1573 370 1677 408 Bul—

209 430 409 481 ‚,gariam,
441 434 648 479 totumque
672 427 861 466 ducatum
884 425 1139 468 Sclavoniae.
1172 436 1260 464 cum
1290 425 1480 464 omnibus
1501 426 1683 465 attinen-

209 486 308 535 „tiis
341 486 575 532 earundem,
622 485 845 522 secundum
878 483 1010 533 signa,
1043 481 1344 530 distinctiones,
1376 488 1414 520 et
1445 488 1573 522 metas
1603 496 1684 521 an-

209 543 389 592 ‚,tiquas‚
412 547 536 593 prout
558 540 677 579 etiam
699 539 987 591 progenitores
1009 539 1140 577 nostri
1157 554 1167 585 ·,
1186 543 1223 576 ct
1242 545 1526 578 antecessores
1551 540 1683 591 Reges

209 599 477 650 „Hungariae
506 609 634 649 usque
662 602 822 648 tempus
860 596 965 635 vitae
991 595 1159 634 Domini
1183 594 1316 643 Belac,
1348 595 1554 648 gloriosae
1592 609 1682 634 me-

210 656 392 705 „moriae
420 655 558 694 Patris
593 653 749 702 nostri,
784 654 1084 704 possederunt,
1117 656 1154 690 ct
1185 656 1445 693 tenuerunt.“
1476 652 1551 692 Est
1587 666 1683 691 vero

210 713 528 752 instrumentum
579 710 690 749 istud
732 722 779 748 eo
824 707 995 761 majoris
1039 708 1419 757 considerationis,
1467 710 1682 760 pretiique,

212 770 316 821 quod
337 768 435 822 jura
459 767 646 808 Coronae
677 772 845 805 nostrae
884 765 956 804 illo
988 770 1170 816 tempore
1202 778 1276 815 per
1307 778 1448 804 omnes
1481 766 1580 813 fere,
1615 767 1684 816 qui

211 827 252 865 in
307 826 380 865 hac
433 823 713 876 pacificatione
761 828 900 874 partes
948 827 1166 873 ceperant,
1217 821 1461 873 Europaeos
1513 822 1683 861 Princi-

211 894 284 934 pes
325 895 407 921 non
452 882 493 920 in
526 880 710 920 Serviani
752 885 932 927 tantum,
975 880 1046 918 sed
1091 879 1132 917 in
1181 877 1362 929 reliquas
1409 879 1528 917 etiam
1576 892 1682 918 enu-

213 944 388 978 meratas
411 938 588 977 ditiones
617 941 800 987 patenter
827 936 966 988 agnita
987 935 1118 974 fuisse
1154 936 1357 974 ostendat.
1398 935 1481 975 Nec
1510 936 1684 974 minoris

214 995 336 1046 pretii
366 1000 460 1033 sunt
489 1007 510 1032 a
529 994 742 1045 designato
765 1015 820 1023 —-
837 998 932 1031 nota
955 992 1215 1043 praecedenti
1238 1016 1290 1020 —
1308 994 1487 1031 Auctore
1517 993 1558 1046 a)
1579 1006 1683 1044 pro-

213 1052 317 1090 latae
352 1051 509 1089 litterae
546 1050 812 1096 concordiae,
845 1061 964 1099 quam
1001 1050 1055 1087 Αο
1110 1047 1232 1088 1426.
1273 1049 1565 1100 Sigismundus
1597 1050 1683 1089 Rex

210 1107 450 1153 Hungariae
479 1119 566 1144 cum
598 1106 803 1156 Stephano
832 1105 1080 1145 Lazarevics
1104 1105 1276 1144 Rasciac
1304 1106 1485 1156 Despota
1520 1107 1682 1148 inierat.

210 1161 463 1200 Confirmant
486 1163 589 1200 istae
619 1162 756 1200 verbis
784 1162 948 1200 omnino
971 1161 1226 1209 manifestis,
1259 1174 1359 1211 quae
1396 1164 1442 1200 de
1468 1163 1683 1212 Principi-

207 1218 297 1264 bus,
328 1217 440 1256 illinc
463 1230 535 1267 per
556 1218 688 1267 Reges
719 1218 958 1268 Hungariae
981 1218 1232 1263 constitutis,
1267 1219 1314 1256 de
1339 1217 1532 1257 fidelitate
1555 1220 1685 1270 Regni

209 1273 397 1313 Coronae
421 1273 570 1319 debita⁷
602 1274 650 1311 de
678 1273 929 1324 obligatione
957 1274 1088 1324 copiis
1123 1274 1248 1322 hanc,
1281 1281 1401 1324 atquc
1425 1275 1533 1314 illam
1555 1275 1682 1328 adju-

207 1331 343 1378 vandi,
375 1330 418 1369 in
453 1329 742 1380 superioribus
775 1329 1049 1368 asseruimus.
1098 1329 1206 1381 (17)
1245 1353 1290 1357 —
1324 1331 1447 1379 Huc,
1489 1334 1681 1382 quoniam

206 1387 456 1439 prolixiores
477 1392 587 1433 sunt,
610 1386 774 1425 initium
801 1386 1030 1424 exscribere
1051 1392 1115 1424 sat
1136 1385 1286 1425 fuerit:
1309 1387 1423 1434 „Nos
1443 1388 1685 1439 Sigismun-

207 1445 314 1491 „dus
349 1449 423 1482 etc.
471 1443 690 1481 memoriae
733 1443 1089 1483 commendamus:
1130 1448 1203 1481 etc.
1249 1441 1365 1488 Quod
1407 1444 1501 1494 quia
1548 1444 1681 1483 fidelis

206 1506 377 1547 „noster
401 1499 581 1539 illustris
618 1499 850 1549 Stephanus
886 1499 1098 1550 Despotus
1135 1499 1309 1538 Rasciae
1350 1513 1455 1550 pru
1474 1502 1497 1539 d
1516 1508 1686 1540 enter

206 1557 546 1605 ,„attendens,
580 1562 626 1595 et
658 1556 708 1594 in
741 1557 852 1595 acie
884 1556 1355 1595 considerationis
1385 1557 1675 1609 diligenter

204 1613 541 1662 „rovolvens,
574 1613 994 1664 ipsumRegnum
1028 1613 1266 1659 Rasciae,
1299 1626 1404 1652 cum
1437 1615 1682 1654 omnibus

203 1669 479 1723 „juribus,
526 1674 570 1707 et
612 1669 986 1719 pertinentiis
1035 1669 1152 1708 suis
1191 1669 1373 1717 nobis,
1425 1683 1478 1709 ac
1525 1683 1684 1710 sacro

203 1732 424 1775 „nostro
459 1725 773 1772 diademati,
816 1737 870 1763 ac
912 1726 1061 1764 dicto
1095 1726 1268 1776 Regno
1315 1732 1505 1765 nostro
1535 1727 1683 1766 Hun-

204 1783 417 1834 ,‚gariae
444 1794 664 1831 semper,
685 1787 733 1820 et
755 1781 813 1820 ab
839 1781 1057 1832 antiquo
1087 1780 1387 1834 subjectum
1420 1783 1609 1832 fuisse,
1636 1789 1684 1824 et

202 1851 362 1888 „esse,
394 1851 444 1877 ac
475 1839 534 1876 ad
562 1836 665 1890 jus,
694 1844 739 1876 et
763 1838 1151 1888 proprietatem
1183 1844 1401 1877 nostrae
1421 1838 1682 1893 Majesta-

203 1896 332 1945 „tis,
378 1907 673 1945 sacraeque
717 1893 980 1942 Coronae,
1028 1907 1084 1933 ac
1117 1894 1249 1933 dicti
1285 1895 1453 1947 Regni
1505 1897 1683 1936 nostri

201 1951 536 2003 „Hungariae
579 1963 808 2002 semper,
841 1956 885 1989 et
917 1951 974 1989 ab
1008 1951 1256 2002 antiquo,
1290 1957 1335 1990 et
1365 1952 1558 2005 Regum
1590 1967 1681 1993 no-

202 2015 467 2057 „strorum
511 2019 926 2058 praecessorum
968 2008 1121 2047 nullo
1166 2008 1335 2047 medio
1380 2016 1681 2060 spectasse,

202 2072 281 2115 „et
313 2065 679 2115 pertinuisse,
711 2077 756 2103 ac
789 2070 989 2115 spectare,
1022 2070 1060 2104 et
1091 2065 1297 2116 pertinere
1329 2066 1450 2104 etiam
1481 2068 1528 2105 dc
1556 2081 1682 2118 prae-

203 2122 360 2170 „senti3
394 2133 439 2160 ac
470 2121 714 2170 cupiens,
747 2127 799 2160 ut
833 2121 1012 2171 ipsum
1053 2122 1279 2173 Regnum
1311 2123 1541 2163 Rasciae
1573 2130 1680 2163 tem—

203 2190 377 2229 „porum
410 2178 452 2215 in
484 2189 684 2227 processu
726 2179 785 2216 ad
818 2190 1000 2217 manus
1043 2191 1143 2217 non
1176 2179 1424 2218 deveniat
1457 2180 1682 2229 alienas,

204 2247 328 2285 „per
358 2233 666 2283 universos,
699 2239 747 2272 et
780 2234 1058 2286 quoslibet
1091 2247 1220 2274 suos
1255 2235 1485 2275 Barones
1514 2236 1681 2291 Maje-

204 2290 372 2338 „stati
403 2290 651 2338 Nostrae,
683 2303 776 2330 nec
809 2303 908 2330 non
941 2291 1231 2339 praelatis,
1265 2292 1598 2342 Baronibus,
1631 2300 1681 2332 et

204 2346 560 2395 „Proceribus
604 2347 785 2398 ipsius
836 2348 1001 2399 Regni
1043 2349 1224 2387 nostri
1268 2348 1586 2401 Hungariae
1619 2352 1679 2389 de

203 2403 543 2453 ‚,fidelitate‚
586 2409 631 2442 et
663 2403 982 2443 obedientia
1021 2405 1216 2453 Nobis,
1258 2411 1307 2444 et
1347 2406 1541 2446 Sacrae
1577 2407 1681 2446 No—

203 2466 377 2509 „strae
411 2458 672 2508 Coronae,
706 2461 1242 2512 Successoribusque
1275 2463 1483 2502 nostris
1518 2464 1678 2516 Regi—-

202 2516 326 2564 „bus
359 2515 693 2568 Hungariae,
736 2529 828 2556 nec
874 2530 972 2556 non
1004 2518 1311 2564 Praelatis,
1343 2519 1677 2569 Baronibus,

204 2577 278 2620 „et
309 2572 637 2611 Proceribus
669 2573 838 2626 Regni
871 2575 1050 2613 nostri
1080 2576 1399 2626 praedictis,
1432 2582 1478 2616 et
1509 2578 1674 2616 eidem

204 2628 398 2679 „Regno
430 2635 615 2668 nostro
648 2642 739 2680 per
771 2631 923 2682 ipsos
956 2631 1007 2670 in
1039 2638 1353 2683 perpetuum
1383 2633 1674 2672 observan-

205 2684 344 2731 ‚,dum
398 2683 759 2738 juramentum
816 2693 1106 2739 praestare
1162 2689 1300 2730 fecit
1347 2689 1579 2739 fidelitatiS,
1635 2695 1673 2731 et

131 2842 165 2886 ὃ)
191 2845 307 2889 Engel
332 2840 442 2883 eMS.
464 2847 780 2895 sti1‚Cance1.0p.
800 2852 857 2888 cit.
880 2853 920 2888 P.
940 2854 1002 2887 111.
1020 2863 1052 2897 p.
1073 2853 1153 2890 370.
1180 2857 1215 2889 et
1240 2861 1315 2897 seq.
