1941 3143
1562 142 1651 189 137

63 256 312 304 Provincia
341 251 559 301 Coronae
586 258 746 314 erepla
780 252 1100 315 recuperanda
1128 252 1305 299 fuerat.
1345 253 1390 299 in
1417 253 1652 314 copiarum

62 325 141 372 vel
166 324 342 370 Ducum
369 320 557 367 arbitrio
577 324 783 370 stetisse.
810 336 833 366 a
862 327 1032 382 coepto
1061 324 1243 367 tramite
1270 321 1518 375 desistere,
1546 336 1651 366 me-

66 392 284 452 diumque
321 391 622 436 victoriarum
663 403 847 434 cursum
886 403 987 434 cum
1014 388 1260 435 manifesto
1300 401 1531 449 persaepe
1558 389 1652 433 Pa-

67 461 183 505 triae
210 457 417 520 periculo
447 457 749 517 abrumpere3
790 456 1172 516 quemadmodum
1200 456 1290 502 hoc
1317 461 1545 501 assertum
1570 469 1655 516 per

65 541 115 574 se
158 528 268 572 satis
307 524 576 585 explicitum
616 525 859 583 ingressus
896 523 951 570 ad
991 530 1436 586 supramemoratum
1489 521 1655 582 Rege-

65 602 210 640 strum
238 591 538 652 Sigismundi„
578 604 665 637 nec
692 606 785 638 non
812 592 1049 638 Articulus
1078 591 1287 650 ejusdem
1316 591 1393 637 26.
1421 588 1504 648 Μ)
1530 589 1653 636 belle

72 660 313 707 admodum
339 658 595 705 confirmat.

127 741 176 797 *J
210 742 270 782 Ita
302 740 461 782 Alberti
494 740 618 792 Regis
650 741 824 780 Decreto
866 742 916 780 ad
948 740 1125 780 litteram
1146 744 1312 780 cavetur
1331 739 1390 793 ²¹),
1421 744 1488 788 ut3
1521 739 1657 788 „Dum

185 811 310 850 „vero
353 797 597 837 necessitate
643 804 813 849 urgente
865 798 1086 837 exercitum
1137 796 1366 849 generalem
1412 795 1658 847 proclamari

178 855 439 908 ,‚contigerit,
470 860 566 894 tunc
597 854 767 894 Nobiles
787 854 919 906 Regni
951 854 1059 894 ultra
1091 860 1231 903 metas,
1263 852 1503 894 etConlinia
1523 853 1655 905 Regni

181 913 330 964 „inviti
375 924 486 950 more
533 911 870 951 exercituantium
917 924 998 951 non
1046 913 1271 960 ducantur,
1318 910 1485 962 antiqua
1515 922 1657 949 eorum

184 969 399 1019 „libertate
440 968 715 1019 requirente.“
749 966 859 1007 Idem
902 968 1106 1008 Vladislai
1140 968 1188 1009 11.
1222 967 1399 1019 primum
1419 966 1464 1020 ¹³)
1499 971 1537 1005 et
1568 971 1657 1006 ter—

183 1026 283 1065 tium
310 1025 349 1075 ο)
374 1025 640 1075 sequentibus
666 1025 922 1076 exprimunt:
956 1025 1210 1074 „Praelatos,
1237 1025 1435 1071 Barones,
1458 1028 1496 1062 et
1520 1029 1660 1063 caete-

188 1095 285 1131 „ros
309 1082 478 1121 Nobiles
511 1082 676 1120 inducta
707 1081 887 1133 generali
920 1081 1051 1133 Regni
1082 1082 1389 1121 lnsurrectione
1412 1080 1520 1120 ultra
1545 1080 1659 1119 limi-

184 1144 274 1186 „tes
308 1138 451 1188 Regni,
484 1138 566 1176 nisi
597 1139 679 1188 ipsi
711 1138 852 1185 velint,
885 1138 999 1177 nullo
1032 1139 1071 1177 in
1105 1151 1201 1177 casu
1234 1139 1294 1177 ire
1319 1138 1508 1189 obligari,
1541 1138 1659 1176 anti-

184 1207 290 1245 „qua
321 1207 460 1233 eorum
495 1195 680 1233 libertate
713 1195 752 1233 id
786 1195 1033 1245 requirente,
1066 1195 1212 1234 demtis
1246 1201 1380 1233 tamen
1414 1195 1482 1241 iis,
1515 1194 1583 1245 qui
1618 1194 1661 1233 in

181 1250 358 1299 „militia
390 1251 504 1301 regia
535 1251 741 1301 stipendia
765 1255 1061 1293 mererentur.“
1094 1253 1207 1290 Adde
1221 1251 1286 1290 his
1314 1251 1661 1291 constitutionem

177 1306 359 1347 Mathiae
404 1306 578 1346 Corvini
619 1313 726 1345 certe
770 1308 936 1346 Jurium
983 1309 1191 1359 regiorum
1232 1308 1553 1360 tenacissimid)
1588 1320 1661 1346 se-

179 1369 377 1416 quentem.
410 1362 612 1411 „Quando
647 1364 847 1403 Dominus
881 1365 964 1403 Rex
997 1378 1085 1404 cum
1117 1365 1335 1413 Praelatis,
1368 1371 1405 1404 et
1425 1364 1658 1403 Baronibus

179 1421 297 1469 „suis
329 1419 604 1471 personaliter
649 1422 698 1459 ad
747 1421 1107 1460 exercituationem
1152 1422 1496 1473 qualemcunque,
1538 1422 1659 1460 modo

179 1482 451 1529 „praenotato
485 1489 560 1516 sua
591 1477 818 1526 Banderia,
852 1483 889 1516 et
921 1478 1122 1517 dictorum
1157 1491 1326 1518 suorum
1361 1478 1659 1526 praelatorum,

182 1540 248 1583 „et
280 1534 485 1572 Baronum
532 1533 705 1573 levando
751 1534 1050 1585 proficiscitur,
1092 1549 1139 1574 ex
1181 1541 1277 1574 tunc
1319 1535 1441 1574 etiam
1475 1535 1662 1574 universi

181 1590 380 1639 „Nobiles
406 1590 534 1641 Regni
562 1589 740 1644 majores
765 1591 934 1639 seilicet,
967 1597 1005 1631 et
1028 1593 1208 1631 minores
1230 1604 1319 1631 cum
1340 1604 1482 1630 eorum
1512 1592 1663 1631 Genti-

181 1648 286 1696 „bus
329 1647 646 1687 exercitualibus
700 1649 1006 1687 connumeratis
1070 1649 1343 1700 personaliter
1386 1662 1475 1688 cum
1523 1650 1662 1688 eodem

181 1704 386 1753 „Domino
420 1704 526 1756 Rege
554 1702 673 1757 juxta
704 1706 1042 1744 consuetudinem
1068 1706 1273 1756 antiquam
1306 1718 1467 1756 usque
1499 1710 1661 1744 metas

182 1761 381 1813 „Regni
427 1766 640 1800 tantum
703 1762 1107 1812 unusquisque
1170 1763 1462 1801 secundum
1510 1773 1660 1801 suum

182 1830 375 1869 „posse
422 1817 502 1856 ire
549 1823 825 1865 teneatur,
874 1823 911 1856 et
958 1819 1051 1856 dum
1100 1818 1187 1869 ipse
1235 1818 1440 1857 Dominus
1485 1818 1567 1857 Rex
1610 1819 1659 1857 de

177 1872 444 1926 „hujusmodi
492 1874 674 1913 exercitu
728 1874 864 1913 redire
903 1874 1094 1923 voluerit,
1144 1873 1387 1926 Regnicolae
1436 1874 1519 1925 ipsi
1566 1886 1658 1914 cum

182 1932 351 1980 „eodem
382 1930 519 1969 redire
551 1930 736 1979 valeant,
780 1931 826 1970 si
867 1944 984 1970 vero
1029 1930 1176 1970 ultra
1217 1936 1265 1970 et
1307 1937 1462 1970 extra
1493 1936 1660 1970 metas

180 1986 371 2041 „hujus
402 1987 567 2039 Regni
598 1986 979 2038 personaliter
1019 1987 1371 2027 exercituare
1403 1987 1660 2037 voluerit,

182 2043 565 2093 „Universitas
596 2043 877 2083 Nobilium
927 2042 1103 2098 juxta
1149 2044 1661 2084 consvetudinem

183 2101 377 2153 „Regni
426 2100 573 2139 ultra
618 2100 771 2151 ipsas
820 2105 988 2140 metas
1037 2113 1146 2140 cum
1198 2114 1254 2140 eo
1311 2101 1663 2140 exercituare

184 2170 310 2203 „non
356 2162 631 2204 teneatur,
678 2157 750 2196 sed
796 2163 937 2209 gentes
985 2157 1172 2209 ipsorum
1220 2163 1535 2197 connumeratae
1583 2159 1660 2197 sub

183 2213 331 2260 „ductu
366 2211 683 2263 capitaneorum
716 2213 826 2261 illuc,
859 2228 936 2265 quo
969 2214 1098 2265 Regia
1129 2212 1331 2267 Majestas
1361 2214 1555 2264 voluerit,
1589 2215 1659 2254 in-

184 2268 278 2317 „l'ra
308 2269 438 2308 dictos
470 2275 553 2309 tres
586 2282 746 2310 menses
781 2271 980 2323 integros,
1012 2277 1049 2310 et
1081 2283 1162 2309 non
1195 2270 1372 2322 amplius
1408 2272 1661 2311 exercituare

185 2328 473 2374 „teneantur.“

102 2394 180 2448 ss)
210 2396 371 2437 Prioris
406 2398 554 2446 verba,
587 2410 686 2449 quae
718 2397 759 2437 in
794 2410 877 2437 rem
911 2397 1087 2445 faciunt,
1119 2398 1217 2438 haec
1249 2404 1367 2439 sunt:
1403 2399 1535 2447 „item
1568 2398 1664 2451 quia

185 2454 332 2500 „etiam
364 2455 449 2493 Rex
480 2454 720 2507 Hungariae
754 2455 886 2494 utitur
918 2455 1026 2494 ultra
1057 2455 1221 2494 titulum
1259 2457 1389 2507 Regni
1423 2456 1663 2509 Hungariae

184 2509 357 2556 „horum
402 2512 636 2563 Regnorum
682 2511 841 2558 titulis,
902 2511 1093 2550 videlicet
1138 2511 1392 2561 Dalmatiae,
1453 2512 1660 2561 Croatiae,

187 2566 379 2615 „Ramae,
411 2568 594 2613 Serviae,
629 2567 824 2614 Galiciae,
856 2567 1144 2615 Lodomeriae‚
1178 2567 1418 2617 Cumaniae,
1450 2569 1659 2623 etBulga-

185 2621 321 2669 „riae,
381 2636 482 2674 quae
523 2624 680 2662 scilicet
720 2624 861 2675 Regna
901 2629 997 2663 sunt
1041 2624 1090 2663 ab
1135 2625 1302 2677 antiquo
1345 2626 1475 2665 eidem
1516 2627 1658 2678 Regno

112 2724 143 2756 a)
175 2721 274 2755 1439.
303 2722 334 2754 3.

111 2777 146 2808 b)
174 2776 276 2810 1292.
305 2779 358 2810 18.

114 2832 145 2871 c)
177 2833 277 2866 1498.
306 2836 359 2866 17.

113 2886 146 2927 d)
172 2891 272 2923 Alias
299 2899 400 2933 prov.
428 2889 528 2925 1459.
556 2890 609 2925 11.
636 2910 678 2916 —
707 2891 783 2925 Vld.
810 2892 845 2925 in
874 2892 1080 2927 Kovachieh
1108 2893 1209 2928 Vest.
1236 2894 1361 2928 Comit.
1388 2903 1422 2936 p.
1449 2893 1528 2928 339.
1588 2939 1589 2942 ¹
