1941 3143
1597 92 1694 139 225

167 197 215 251 ³³⁸)
249 198 337 245 Quo
382 198 508 251 igitur
553 196 687 237 animo
729 209 752 236 a
794 198 973 249 partium
1016 195 1176 246 studio,
1236 209 1281 237 ac
1324 198 1501 250 privatis
1544 200 1694 245 finibus

95 1198 167 1249 Dc

92 1627 200 1687 Mag

223 255 368 300 libem,
400 260 626 306 quantaque
658 267 745 293 cum
779 256 1001 304 gravitate,
1034 253 1237 303 decentia,
1269 259 1308 293 et
1339 256 1538 307 religione
1571 260 1695 302 isthic

221 314 520 363 procedendum
555 312 630 358 sit,
662 324 729 350 res
762 312 852 362 ipsa
886 312 1079 362 loquitur.
1124 310 1176 351 Ut
1207 312 1307 350 adeo
1340 313 1497 366 indigni
1529 319 1693 358 nomine

221 368 444 420 hungarico
491 368 636 406 merito
679 368 850 407 habendi
897 369 1002 416 sint,
1060 368 1128 419 qui
1174 367 1450 419 factionibus,
1497 381 1690 421 mercatu,

222 425 534 471 vociferatione,
568 423 740 476 aliisque
774 424 1070 472 tumultuariis,
1103 430 1221 476 atque
1255 426 1472 467 malesanis
1505 431 1694 479 ausibus,

221 488 259 520 et
291 481 391 530 loci,
434 487 471 519 et
503 486 618 519 actus
660 483 760 520 adeo
804 482 989 520 solennis
1030 481 1344 532 profanatione,
1386 484 1693 539 violationequc

219 551 262 577 se
295 552 338 578 se
370 537 645 577 contaminare
678 538 834 577 nostris
879 538 982 590 proh
1016 538 1154 577 dolor!
1200 539 1344 579 diebus
1378 553 1460 580 non
1494 556 1693 584 vereren—

216 600 307 642 tur,
349 607 431 633 non
465 594 774 643 erubescerent,
822 595 1007 646 quamvis
1049 596 1250 635 adversus
1293 597 1452 637 similes
1495 612 1690 641 excessus

217 663 370 702 poenae
402 663 475 701 per
507 651 616 703 leges
663 652 834 690 dictatae
879 665 959 691 non
1009 652 1168 700 desint,
1217 665 1316 703 quae
1359 655 1516 695 sicum
1548 658 1686 709 rigore

215 714 497 754 manutentae,
529 714 567 747 et
599 707 780 747 salutare
813 710 852 746 in
886 709 1111 759 exemplum
1144 708 1245 748 citra
1275 718 1510 763 respectum
1543 715 1689 764 ullum,

214 764 279 803 vel
309 765 609 803 conniventiam
641 765 760 803 etiam
802 764 977 804 inflictae
1020 764 1221 815 fuissent,
1269 767 1448 818 flamma,
1482 772 1577 810 dum
1610 772 1690 822 hic,

214 826 253 859 et
284 821 368 860 illic
389 834 602 871 erumpere
623 827 825 872 coeperat,
858 822 1098 872 tempestive
1131 834 1343 874 supressa,
1376 838 1456 864 non
1481 829 1688 867 contulis-

210 883 272 915 set
304 890 448 929 magna
480 878 546 916 sui
587 884 702 929 parte
735 879 783 916 ad
817 879 1141 929 propagandum,
1183 882 1494 933 augendumque
1526 885 1688 924 exitiale

214 933 316 972 illud
349 934 602 984 incendium,
647 933 766 989 cujus
807 947 967 974 amaras
1010 934 1198 987 sequelas
1231 937 1471 979 universum
1502 941 1686 994 Regnum

213 991 491 1041 persentiscit.

718 1112 928 1168 Caput
959 1114 1073 1158 vl.

217 1196 729 1253 Administrationc
779 1201 1143 1269 negotiorum
1188 1202 1240 1255 in
1285 1205 1331 1256 L.
1366 1204 1418 1256 R.
1466 1205 1684 1260 Civita-

261 1265 444 1332 tibus,
481 1270 642 1334 atque
690 1268 934 1337 reliquis
970 1268 1512 1327 Jurisdictionihus.

777 1372 821 1426 ἓ.
865 1373 976 1418 710.

613 1471 853 1529 Reyz‘men
896 1471 1168 1516 Cz’vz'tatum.

228 1560 375 1607 Habet
399 1577 488 1607 una
515 1577 726 1623 quaeque
754 1562 953 1620 Civitas,
979 1570 1028 1608 ut
1053 1565 1412 1624 praemiseram,
1440 1571 1678 1629 proprium

205 1631 437 1686 istratum,
478 1632 579 1688 ejus
606 1645 713 1690 pars
753 1646 841 1676 una
870 1637 941 1675 est
973 1630 1172 1677 Senatus
1198 1634 1393 1680 interior
1411 1668 1424 1691 ,
1452 1643 1674 1683 constans

91 1695 283 1752 Judice,
323 1696 551 1753 Consule,
593 1696 845 1756 Capitaneo
865 1731 877 1753 ,
907 1704 951 1742 et
988 1697 1291 1745 Senatoribus
1313 1735 1325 1756 ,
1365 1716 1559 1761 quorum
1584 1719 1678 1749 nu-

91 1777 246 1807 merus
272 1763 448 1807 viribus
470 1797 481 1818 ,
523 1763 839 1822 amplitudini,
878 1766 1243 1825 necessitatique
1279 1768 1565 1827 singularum
1590 1785 1675 1816 re-

93 1828 306 1888 spondet.
347 1829 567 1890 Princeps
595 1828 730 1886 hujus
757 1831 957 1876 Senatus
983 1830 1166 1887 Judex,
1227 1832 1333 1879 alibi
1369 1833 1560 1894 Consul,
1595 1838 1673 1883 ille

83 1895 198 1951 jusu

203 1896 292 1939 tiae
335 1895 722 1943 administrandae
746 1931 758 1950 ,
797 1900 885 1942 iste
924 1899 1126 1956 negotiis
1167 1900 1400 1959 politicis,
1442 1910 1487 1948 et
1522 1919 1674 1951 oeco—

88 1962 282 2006 nomicis
307 1971 525 2022 praeest,
564 1961 844 2023 Capitaneus
870 1978 987 2010 vero
1017 1967 1315 2012 securitatem
1353 1966 1567 2017 Civitatis
1596 1975 1674 2018 in-

89 2034 266 2072 ternam
304 2037 537 2089 procurat.
592 2028 890 2076 Notariorum
944 2028 1207 2079 Civicorum
1250 2033 1515 2084 functiones
1572 2039 1674 2084 fere

90 2101 351 2153 congruunt
389 2097 582 2154 agendis
621 2095 920 2142 Notariorum
963 2096 1244 2159 Comitatus,
1283 2117 1418 2161 nam,
1456 2112 1505 2151 ut
1550 2120 1672 2152 eon-

72 2167 179 2206 vstat

203 2196 214 2218 ,
255 2176 336 2206 sua
376 2160 545 2209 habent
585 2162 808 2210 Civitates
848 2164 1150 2222 Protocolla,
1190 2183 1279 2228 quo
1320 2169 1521 2218 Senatus
1549 2188 1672 2219 con-

89 2226 216 2273 clusa
256 2228 542 2287 inferuntur,
580 2230 834 2277 Archivum
874 2234 1013 2287 item,
1053 2245 1107 2275 ac
1149 2234 1389 2294 Sigillum,
1429 2239 1553 2296 quod
1591 2243 1669 2285 in-

87 2295 203 2340 tuitu
245 2303 485 2352 actorum,
524 2300 710 2355 negotia
753 2297 930 2344 Civium
970 2299 1348 2359 respicientium,
1400 2306 1494 2350 vim
1532 2305 1671 2351 habet

87 2361 236 2420 sigilli
274 2362 538 2408 authentici.
587 2363 769 2409 Partem
813 2366 1030 2421 alteram,
1070 2366 1171 2412 sive
1206 2369 1426 2415 Senatum
1453 2376 1668 2418 exterio-

85 2442 182 2472 rem

202 2463 214 2486 ,
242 2428 462 2474 Praeside
490 2430 845 2491 Tribunoplehis
874 2432 1212 2494 Cominunitas,
1241 2450 1267 2481 e
1295 2440 1459 2497 quavis
1488 2438 1667 2487 Civium

88 2494 239 2543 classe
267 2495 446 2543 delecta
465 2531 478 2556 ,
518 2499 768 2544 constituit.

151 2878 207 2927 11.

772 2634 805 2691 ξ
859 2638 917 2683 71
930 2639 969 2684 1.

691 2719 848 2775 Hujus
865 2726 1051 2780 forma.

225 2811 384 2861 Civilis
409 2813 516 2861 hinc
554 2815 792 2876 regiminis
829 2816 980 2866 forma
1007 2830 1126 2880 quae
1164 2820 1247 2877 sit,
1284 2815 1421 2932 saiige
1447 2817 1662 2882 adparet3
