1941 3143
1639 111 1730 156 165

141 232 357 273 monetae
393 223 696 270 fabricatione
737 223 1016 284 deprehensi
1052 220 1279 267 bonorum
1320 221 1520 266 omnium
1556 220 1722 280 priva-

143 295 269 338 tione
308 292 636 336 mulctarentur
671 289 740 347 ff).
792 292 952 335 Serius
980 296 1130 333 autem
1167 287 1347 347 legibus
1384 288 1722 347 copiosissimis

142 358 435 404 fraudatores
474 357 735 414 hujusmodi
774 371 925 416 poena
967 355 1181 401 infamiae
1224 355 1294 411 ²07
1334 359 1470 413 atque
1498 360 1721 415 perpetua

141 425 421 471 infidelitatis
449 430 557 469 nota
583 424 723 483 plecti
751 423 1058 468 decernantur
1099 420 1156 479 ¹³).

195 523 246 576 4η)
279 519 593 570 Diplomaticum
636 519 710 558 hoc
753 520 800 557 de
843 519 978 570 rigore
1023 517 1242 569 vestigium
1285 517 1446 569 Prayus
1478 516 1583 556 alios
1617 517 1723 556 inter

257 577 440 627 vulgavit
459 576 522 625 ῆι
554 575 614 614 Εη
648 576 770 614 verba
802 588 821 613 e
853 575 1001 613 litteris
1033 574 1151 612 Belae
1180 574 1249 612 111.
1275 574 1351 612 huc
1378 574 1566 613 facientia
1589 573 1724 620 „Cum

257 633 535 681 „Laurentius
570 631 745 670 Villicus
778 633 825 669 de
856 631 1054 677 Beseneu,
1088 644 1187 680 quae
1221 631 1270 668 ad
1303 630 1525 669 Ecclesiam
1551 631 1589 669 S.
1611 631 1722 669 Gre-

255 690 390 742 „gorii
421 689 618 739 pertinet,
665 701 735 727 nec
767 700 846 725 uon
878 693 916 725 et
948 687 1055 725 lilius
1100 688 1233 737 ipsius
1280 687 1510 726 Demetrius
1545 688 1721 734 nomine,

256 758 332 793 „ac
363 745 544 784 Joannes
587 757 710 795 gener
755 743 947 792 Gregorii
994 745 1040 781 de
1084 745 1221 781 eadem
1267 743 1379 781 Villa
1423 744 1604 782 Beseueu
1649 755 1723 793 per

254 801 545 851 „Camerarios
588 807 754 839 nostros
807 800 1080 844 sirmienses,
1125 799 1379 849 Leopoldum
1426 800 1639 845 videlicet,
1686 804 1724 837 et

255 859 419 907 „socios
465 857 648 911 ejusdem
702 858 741 895 in
786 856 1003 894 manifesto
1057 855 1224 893 crimine
1269 855 1552 894 fabricationis
1596 855 1725 893 salsae

258 920 469 963 „monetae
501 913 746 964 deprehensi
779 925 913 951 coram
949 912 1049 950 Ven.
1083 911 1202 950 Patre
1237 911 1451 950 Benedicto
1479 911 1725 961 Archiepis—

256 984 387 1021 „copo
429 970 645 1009 Colocensi
688 969 814 1008 Aulae
865 973 1030 1006 nostrae
1073 967 1329 1007 cancellario
1372 990 1424 996 —
1456 990 1508 995 -—
1543 967 1609 1017 qui
1654 980 1727 1017 per

257 1033 412 1073 „totam
445 1026 648 1077 Syrmiam
696 1038 776 1064 non
818 1024 950 1063 solum
994 1025 1147 1063 honore
1192 1023 1447 1071 Comitatus,
1491 1025 1562 1062 scd
1605 1024 1726 1062 etiam

257 1083 372 1130 „vice
405 1089 442 1121 et
473 1083 714 1121 auctoritate
756 1086 899 1120 nostra
930 1094 977 1119 ex
1008 1080 1261 1131 delegatione
1304 1087 1447 1119 nostra
1478 1080 1725 1130 fungebatur

257 1139 471 1188 „exigente
504 1139 675 1177 Justitia
715 1138 754 1176 in
787 1139 878 1188 ipso
923 1136 1166 1187 deprehensi
1212 1136 1388 1175 fuissent
1420 1137 1620 1183 convicti,
1652 1136 1722 1184 ita,

257 1195 393 1245 „quod
424 1200 461 1232 et
493 1195 627 1232 onmia
659 1195 936 1233 Instrumenta
961 1206 1099 1232 eorum
1130 1206 1202 1243 per
1229 1206 1330 1243 quae
1355 1193 1485 1243 ipsam
1512 1192 1724 1231 falsariam

257 1251 537 1298 „exercebant‚
570 1251 687 1288 nobis
722 1250 854 1288 forent
886 1256 1158 1300 praesentata,
1192 1255 1229 1288 et
1260 1262 1400 1288 eorum
1435 1250 1540 1287 bona
1572 1261 1724 1287 secun-

255 1308 378 1355 „dum
419 1307 753 1346 consvetudinem
796 1307 927 1357 Regni
978 1307 1181 1344 addietum
1234 1306 1335 1346 ven.
1380 1307 1540 1345 Patrem
1584 1311 1724 1355 utpote

254 1363 444 1413 „nomine
474 1361 711 1415 Majestatis
743 1363 944 1409 Judicem‚
976 1369 1013 1400 et
1047 1363 1085 1401 in
1109 1368 1265 1413 partem
1293 1363 1495 1403 dictorum
1523 1361 1723 1402 Camera-

258 1420 442 1467 „riorum
475 1425 711 1458 nostrorum
744 1425 882 1458 essent
914 1418 1149 1460 devoluta.“
1182 1425 1254 1459 etc.

715 1541 927 1594 caput
958 1540 1134 1583 XIX.

634 1629 710 1680 De
747 1627 1226 1681 Contributione.

825 1744 869 1797 ὃ.
912 1744 1022 1788 601.

736 1841 926 1886 Trihuti
954 1854 1123 1899 yenus.

272 1939 445 1985 Trihuti
482 1941 841 2000 pensitationem
885 1940 930 1983 in
970 1938 1105 1994 aere,
1143 1937 1221 1983 vel
1261 1945 1422 1983 natura
1448 1935 1500 1995 ἐξ)
1530 1953 1612 1998 pro
1642 1936 1718 1982 di-

136 2021 278 2052 verso
306 2006 604 2052 MonarchIae
647 2011 837 2051 nostrae
878 2013 1086 2066 tempore
1114 2005 1346 2050 diversam
1373 2006 1575 2061 omnino„
1616 2007 1719 2049 usi-

138 2079 274 2117 tatam
316 2080 515 2119 attamen
557 2087 741 2133 semper
780 2072 951 2128 fuisse,
1001 2087 1084 2117 seu
1122 2073 1276 2130 legum
1315 2070 1564 2127 Codicem,
1616 2073 1717 2116 sive

137 2138 350 2195 annaleS,
388 2146 463 2185 aut
489 2139 669 2200 publica
695 2139 982 2185 Documenta
1019 2141 1342 2199 inspiciamus,
1391 2141 1602 2198 protinus
1631 2138 1718 2182 ad—

135 2211 281 2266 paret.
321 2205 419 2251 Huc
443 2206 528 2251 lih
547 2221 571 2251 e
590 2209 643 2251 ri
682 2205 707 2251 d
725 2208 924 2251 enarii
952 2220 1001 2250 se
1029 2204 1254 2260 referunt7
1281 2206 1432 2249 statim
1459 2204 1540 2249 suh
1567 2204 1717 2263 Regni

135 2273 275 2318 initiis
316 2277 498 2327 exacti„
538 2287 669 2332 quam
711 2276 757 2318 in
793 2288 890 2318 rem
929 2278 1074 2316 testes
1101 2277 1243 2331 agunt
1276 2271 1535 2331 Diplomata
1564 2285 1717 2316 anno-

133 2353 232 2384 rum
263 2342 423 2396 1015.ᾖ
453 2346 498 2384 et
529 2341 668 2386 1024.
697 2340 819 2384 istud
844 2338 1071 2385 Abbatiae
1100 2338 1155 2383 de
1180 2337 1307 2393 Zala„
1348 2337 1457 2382 illud
1482 2336 1598 2382 Pecs
1624 2342 1717 2383 va—

133 2405 336 2451 radiensi
364 2406 515 2451 datum
557 2404 624 2464 ὁ);
664 2421 767 2451 nam
795 2406 926 2450 ambo
954 2404 1108 2450 tributi
1134 2404 1327 2462 hujusce
1365 2412 1589 2464 tamquam
1615 2404 1718 2449 Re-

135 2474 197 2531 gii
234 2480 491 2532 proventus
531 2474 811 2518 mentionem
849 2471 1022 2517 faciunt
1060 2469 1159 2530 W).
1213 2471 1311 2517 Huc
1364 2472 1717 2517 Vicesimae

172 2613 203 2648 ὃ)
233 2612 334 2646 1464.
353 2615 407 2646 26.

171 2670 206 2705 b)
233 2671 270 2702 P.
289 2671 314 2701 1.
335 2674 372 2702 tt.
395 2671 448 2704 1'4.
474 2687 519 2693 —-
546 2670 645 2704 1462.
665 2672 695 2702 2.
721 2686 764 2694 »-
791 2669 889 2703 1495.
914 2670 947 2703 4.
972 2670 1045 2712 §.lh
1076 2690 1114 2696 ——
1140 2673 1242 2706 1523.
1267 2672 1322 2705 40.

173 2727 205 2766 c)
229 2727 328 2758 Hier.
345 2728 460 2769 Hung.
482 2729 519 2760 P.
541 2729 580 2759 ΙΙ.
603 2737 634 2769 p.
653 2729 707 2760 62.
735 2728 835 2759 Cons.
863 2728 1109 2761 Schbnvisner
1132 2729 1195 2770 Op.
1219 2729 1274 2761 cit.
1303 2739 1334 2770 p.
1353 2730 1433 2762 178.

173 2782 205 2823 d)
233 2784 425 2861 Uttrnmque
450 2785 513 2826 leg.
540 2785 572 2816 in
598 2785 733 2816 Katona
760 2784 853 2816 Hist.
874 2784 961 2816 Crit.
988 2786 1028 2818 T.
1056 2786 1081 2818 1.
1115 2805 1158 2810 —
1188 2795 1218 2829 p.
1243 2784 1320 2819 194.
1355 2790 1390 2818 et
1416 2795 1490 2827 seq.
1523 2786 1608 2817 item
1635 2785 1703 2819 313

237 2839 254 2862 e
291 2839 365 2872 seq.
1713 2833 1722 2845 .
