1941 3143
1588 78 1681 126 169

98 193 137 238 R
155 191 293 250 egia
312 204 364 237 e.
404 196 539 234 antea
565 214 632 222 -
657 194 704 233 et
729 212 796 220 -—
821 188 860 233 si
889 189 1075 236 Litteris
1112 188 1255 234 Belae
1281 185 1337 233 II.
1374 187 1488 235 lides
1517 194 1590 234 est
1613 214 1680 222 —

92 261 187 316 J'am
225 257 308 302 sub
336 258 381 303 S.
411 256 647 317 Stephano
686 254 902 302 Comes
944 256 1224 303 Curialis
1267 255 1413 300 dictus
1457 257 1520 313 ¹³).
1561 270 1680 316 pro-

97 325 292 370 babilius
331 324 465 371 ideo.
506 323 630 383 quod
665 337 725 367 cx
763 322 996 370 ordinaria
1034 324 1273 369 functione
1305 337 1386 368 sua
1413 322 1469 366 ad
1497 322 1678 368 Curiam

94 394 271 451 regiam
298 393 517 436 continuo
546 391 714 435 adesse
737 423 749 439 .
790 389 1001 452 adeoque
1029 393 1177 437 aulam
1203 390 1349 450 Regis
1385 392 1517 449 sequi
1536 422 1548 445 v
1590 403 1678 434 co—

97 460 339 518 mitarique
367 458 603 513 debuerit.;
644 472 731 516 qua
759 472 784 501 0
826 458 1203 504 consideratione
1243 472 1267 502 a
1293 459 1451 518 primis
1493 458 1679 502 omnino

97 526 267 572 seculis
311 525 367 571 ad
406 532 612 571 nostram
654 524 754 569 fere
781 528 1047 572 memoriam
1075 528 1120 572 in
1158 526 1247 571 hoc
1272 524 1495 571 subsellio
1522 525 1679 584 positi7

96 593 323 654 gentilitio
364 594 536 638 nomini
577 606 809 652 agnomen
848 593 1115 640 Comitis
1138 628 1150 651 ‚
1189 594 1325 639 sicuti
1364 592 1552 637 decreta
1577 591 1680 636 Re-

96 675 202 721 gum
219 694 231 717 ,
259 668 395 720 atque
422 660 685 720 Diplomata
713 662 1007 707 continenter
1032 666 1350 707 remonstrant
1369 693 1382 717 a
1410 661 1533 705 serie
1559 657 1681 703 haud

97 730 353 788 interrupta
378 729 715 788 praeposuisse
755 728 985 774 videntur.
1027 729 1093 774 Ob
1132 728 1416 789 peramplam
1441 740 1558 772 vero
1586 740 1680 787 po-

102 801 316 840 testatem
333 829 345 852 .
386 810 473 855 qua
499 797 544 840 in
572 794 707 841 Curia
732 794 882 855 Regia
900 830 912 851 .
945 795 1145 856 indeque
1171 810 1257 857 per
1281 796 1551 840 universum
1577 793 1680 838 Re-

97 877 234 921 gnum
261 869 529 907 constanter
547 896 559 918 .
598 864 643 906 in
683 861 821 907 rebus
848 865 1101 924 praecipue
1144 863 1200 908 ad
1225 861 1404 907 Judicia
1430 862 1679 922 pertinen-

99 930 216 974 tibus
233 963 245 985 .
283 928 580 987 Magistratus
608 931 696 974 iste
722 930 952 989 pollebat„
983 930 1264 990 (hungarice
1290 929 1471 987 Orszag
1496 928 1677 985 Biraja)

98 999 228 1057 quasi
253 995 405 1040 Judex
429 995 580 1054 Regni
606 1010 690 1056 per
717 997 1042 1043 excellentiam
1066 1005 1266 1043 vocatus
1292 995 1392 1042 fuit.
1432 996 1532 1040 Jam
1559 998 1681 1040 enim

96 1063 311 1108 Andreas
354 1061 410 1107 II.
452 1063 516 1108 illi
558 1061 601 1119 ¹³)
651 1070 840 1109 cunctas
878 1066 924 1109 in
973 1064 1108 1110 Curia
1149 1065 1298 1123 Regia
1351 1069 1679 1122 emergentes:

96 1129 417 1188 Sigismundus
462 1131 500 1186 c)
559 1129 769 1175 desectus
808 1133 1014 1185 seminiS.
1062 1132 1280 1191 Jurisque
1330 1131 1467 1190 Regii
1515 1145 1680 1176 causas

91 1195 364 1253 judicandas
390 1209 548 1255 porro.
588 1203 634 1241 et
661 1198 782 1241 ultro
810 1201 1152 1244 commiserunt.
1203 1199 1335 1243 Patet
1375 1197 1570 1258 proinde
1606 1198 1681 1242 di-

94 1265 315 1322 gnitatem
342 1263 490 1318 istam.
516 1265 725 1321 quamvis
753 1264 1128 1325 desuper-variae
1156 1268 1246 1311 sint
1272 1266 1572 1322 conjecturae
1616 1263 1678 1322 ⁴¹),

95 1344 284 1390 quarum
311 1343 427 1388 quae
466 1331 523 1374 sit
550 1343 664 1375 vero
702 1333 909 1390 propior„
948 1347 1042 1377 non
1078 1339 1215 1378 vacat
1241 1332 1517 1392 disquirere,
1557 1333 1672 1392 ipsis

92 1397 246 1456 Regni
273 1396 527 1455 originibus
556 1394 656 1453 sin}
683 1397 806 1457 quod
826 1413 920 1443 non
946 1399 1119 1459 absque
1137 1399 1540 1445 verisimilitudine
1559 1414 1680 1459 qua-

94 1464 195 1509 dam
232 1465 441 1510 nonnulli
475 1464 668 1522 volunt7
706 1471 860 1511 aetate
897 1481 1072 1526 parem„
1124 1468 1236 1513 satis
1264 1472 1391 1512 certe
1420 1481 1528 1514 esse
1555 1467 1681 1513 vici-

94 1546 200 1578 nam
241 1533 298 1591 θ).

779 1630 823 1685 §.
867 1631 979 1677 232.

690 1713 755 1758 Ec
778 1714 1076 1760 Auctoritas.

227 1791 439 1839 Debitam
488 1798 776 1855 temporum,
829 1809 1075 1856 rerumque
1115 1799 1345 1843 rationem
1392 1799 1467 1858 qui
1508 1804 1680 1843 norunt

92 1861 367 1918 instituere,
408 1876 568 1906 corum
606 1875 741 1906 nemo
796 1862 1104 1920 inficiabitur.
1145 1867 1437 1926 superlorum
1484 1865 1679 1910 seculo-

92 1944 191 1974 rum
218 1928 421 1974 decretis
446 1928 556 1973 Jura
597 1929 821 1988 quaedam
838 1964 850 1987 ,
890 1937 936 1976 01
963 1931 1124 1976 Officia
1150 1934 1216 1977 illi
1256 1933 1442 1978 adserta
1469 1947 1679 1978 evanes—

94 2011 202 2041 cere
242 1998 541 2056 oportuisse„
582 1996 806 2056 quaedam
841 2011 928 2043 usu
968 2012 1199 2059 nunquam
1239 2003 1467 2057 animata.
1506 2014 1565 2044 ne
1601 1998 1680 2046 vel

94 2062 331 2108 obtineant
357 2062 632 2123 aliquando„
672 2064 823 2110 studio
861 2068 1116 2112 communis
1145 2067 1383 2114 felicitatis
1411 2068 1558 2112 fuisse
1587 2081 1679 2127 op-

96 2130 276 2175 tandum
304 2127 375 2186 “⁹‘).
413 2131 519 2176 Alia
546 2130 774 2191 denique,
814 2135 1065 2194 conspicua
1093 2149 1236 2191 sane,
1275 2150 1361 2196 per
1397 2135 1678 2181 novissimas

96 2197 373 2242 Sanctiones
402 2197 605 2259 sepeliri.
644 2197 752 2244 Non
778 2202 900 2246 enim
927 2200 1148 2263 deinceps
1174 2204 1220 2247 in
1248 2203 1475 2259 Comitiis‚
1504 2208 1550 2246 et
1576 2201 1678 2246 Re-

96 2265 173 2323 gio
202 2263 614 2311 Locumtenentiali
651 2264 889 2325 Consum.
929 2283 1064 2328 quem
1105 2277 1241 2316 antea
1279 2277 1388 2331 post
1423 2269 1676 2315 Palatinum

95 2332 247 2376 locum
275 2330 459 2378 tenebat
501 2332 540 2391 f)
566 2367 579 2391 ·>
618 2348 678 2379 ex
706 2333 858 2381 debito
886 2335 1036 2383 eidem
1062 2336 1173 2383 Jure
1202 2343 1410 2399 occupat.
1440 2336 1677 2382 Manserat

135 2457 166 2495 ὃ)
194 2457 270 2490 Vid.
298 2461 390 2502 Pray
415 2462 507 2493 Hist.
532 2463 619 2505 Reg.
641 2463 758 2505 Hung.
784 2462 822 2494 P.
846 2464 874 2496 1.
907 2473 938 2505 p.
964 2462 994 2496 4.

135 2502 169 2542 b)
200 2505 285 2536 Anni
310 2508 408 2538 1222.
433 2508 466 2541 9.

136 2550 167 2588 c)
196 2551 284 2582 Anni
310 2551 409 2585 1435.
436 2556 490 2587 17.

135 2595 170 2637 d)
197 2600 296 2629 Anct.
325 2599 467 2639 Opeltae
502 2599 643 2630 Assert.
679 2599 734 2632 lib.
761 2602 879 2640 Hung.
903 2603 936 2634 in
968 2607 1039 2636 not.
1059 2604 1101 2636 ad
1127 2605 1201 2635 Art.
1223 2603 1256 2636 9.
1277 2605 1363 2637 Dec.
1387 2604 1498 2637 Andr.
1527 2608 1567 2639 11.
1596 2608 1676 2640 Car.

206 2645 288 2676 And.
316 2643 380 2676 Bel
407 2646 438 2676 in
463 2646 655 2677 comment.
691 2646 731 2677 de
757 2649 956 2681 Arctiissott'.
984 2652 1071 2691 Reg.
1101 2651 1220 2689 flung.
1248 2650 1276 2691 ξ.
1306 2653 1359 2685 12.
1388 2662 1417 2692 p.
1443 2653 1678 2685 23.-.10an.

134 2726 138 2731 ,
199 2691 307 2721 I‘etcz
337 2690 370 2721 in
393 2692 507 2731 Hung.
539 2690 604 2721 sub
641 2692 762 2732 Geysa
791 2694 820 2734 ᾗ.
851 2697 903 2727 15.
927 2697 1047 2729 1111101.
1076 2706 1103 2729 c.
1130 2697 1310 2737 Gebhard,
1338 2695 1504 2739 (Brsdyt'cbtc
1523 2701 1582 2732 bon
1612 2697 1674 2731 un:

201 2743 275 2775 garn
303 2737 341 2772 Τ,
369 2738 398 2767 2.
428 2747 456 2777 p.
484 2739 514 2768 3.
542 2740 576 2767 et.
601 2740 774 2779 complur.
803 2742 936 2782 reliqui.

135 2783 165 2815 v)
195 2782 304 2813 Mam.
329 2781 389 2814 Bel
415 2784 446 2814 in
470 2791 588 2824 appar.
612 2784 653 2813 ad
681 2786 773 2817 Hist.
799 2788 914 2828 Hung.
942 2788 1027 2820 Dec.
1053 2790 1081 2821 1.
1105 2798 1261 2822 monum.
1289 2791 1318 2822 5.
1341 2798 1369 2831 p.
1392 2789 1468 2821 191.

136 2824 164 2870 s)
192 2826 295 2862 1687.
322 2830 375 2864 10.
402 2828 430 2870 ᾗ.
458 2831 488 2863 1,
515 2848 559 2853 -
586 2829 685 2863 1723.
709 2830 766 2865 24.
790 2830 821 2873 §.
847 2831 878 2866 4.
905 2838 940 2867 et
965 2835 1019 2870 97.
