<?xml version="1.0" encoding="UTF-8"?>
<!DOCTYPE html PUBLIC "-//W3C//DTD XHTML 1.0 Transitional//EN"
    "http://www.w3.org/TR/xhtml1/DTD/xhtml1-transitional.dtd">
<html xmlns="http://www.w3.org/1999/xhtml" xml:lang="en" lang="en">
 <head>
  <title>
</title>
<meta http-equiv="Content-Type" content="text/html;charset=utf-8" />
  <meta name='ocr-system' content='tesseract 3.04.00' />
  <meta name='ocr-capabilities' content='ocr_page ocr_carea ocr_par ocr_line ocrx_word'/>
</head>
<body>
  <div class='ocr_page' id='page_1' title='image "./conspectusjurisp00czir_0119.png"; bbox 0 0 1941 3143; ppageno 0'>
   <div class='ocr_carea' id='block_1_1' title="bbox 1633 109 1695 155">
    <p class='ocr_par' dir='ltr' id='par_1_1' title="bbox 1633 109 1695 155">
     <span class='ocr_line' id='line_1_1' title="bbox 1633 109 1695 155; baseline 0 0"><span class='ocrx_word' id='word_1_1' title='bbox 1633 109 1695 155; x_wconf 83' lang='lat'>69</span> 
     </span>
    </p>
   </div>
   <div class='ocr_carea' id='block_1_2' title="bbox 107 216 1698 478">
    <p class='ocr_par' dir='ltr' id='par_1_2' title="bbox 107 216 1698 478">
     <span class='ocr_line' id='line_1_2' title="bbox 111 216 1698 282; baseline -0.001 -17"><span class='ocrx_word' id='word_1_2' title='bbox 111 220 344 282; x_wconf 83' lang='lat' dir='ltr'>propriam</span> <span class='ocrx_word' id='word_1_3' title='bbox 373 218 519 264; x_wconf 82' lang='lat' dir='ltr'>fuisse</span> <span class='ocrx_word' id='word_1_4' title='bbox 550 224 770 264; x_wconf 87' lang='lat' dir='ltr'>statuunt.</span> <span class='ocrx_word' id='word_1_5' title='bbox 809 219 936 264; x_wconf 89' lang='lat' dir='ltr'>Illam</span> <span class='ocrx_word' id='word_1_6' title='bbox 966 216 1194 263; x_wconf 84' lang='lat' dir='ltr'>Eusebius</span> <span class='ocrx_word' id='word_1_7' title='bbox 1234 216 1436 262; x_wconf 86' lang='lat' dir='ltr'>Verinus</span> <span class='ocrx_word' id='word_1_8' title='bbox 1480 220 1538 274; x_wconf 74' lang='lat'>³).</span> <span class='ocrx_word' id='word_1_9' title='bbox 1578 218 1698 263; x_wconf 87' lang='lat' dir='ltr'>hane</span> 
     </span>
     <span class='ocr_line' id='line_1_3' title="bbox 112 282 1695 345; baseline -0.003 -13"><span class='ocrx_word' id='word_1_10' title='bbox 112 286 394 345; x_wconf 85' lang='lat' dir='ltr'>Grossinger</span> <span class='ocrx_word' id='word_1_11' title='bbox 435 284 512 341; x_wconf 48' lang='grc' dir='ltr'>1ἦ).</span> <span class='ocrx_word' id='word_1_12' title='bbox 551 284 791 330; x_wconf 84' lang='lat' dir='ltr'>Lakicsius</span> <span class='ocrx_word' id='word_1_13' title='bbox 834 287 893 342; x_wconf 52' lang='grc' dir='ltr'>ς).</span> <span class='ocrx_word' id='word_1_14' title='bbox 935 284 1242 330; x_wconf 85' lang='lat' dir='ltr'>Gustermann</span> <span class='ocrx_word' id='word_1_15' title='bbox 1285 282 1327 337; x_wconf 54' lang='grc' dir='ltr'>ἆ)</span> <span class='ocrx_word' id='word_1_16' title='bbox 1383 286 1504 329; x_wconf 88' lang='grc'><strong>0111111</strong></span> <span class='ocrx_word' id='word_1_17' title='bbox 1542 292 1695 329; x_wconf 85' lang='grc'><strong>301316</strong></span> 
     </span>
     <span class='ocr_line' id='line_1_4' title="bbox 108 350 1693 412; baseline -0.002 -15"><span class='ocrx_word' id='word_1_18' title='bbox 108 354 335 412; x_wconf 62' lang='lat' dir='ltr'>viguisse„</span> <span class='ocrx_word' id='word_1_19' title='bbox 373 351 608 412; x_wconf 78' lang='lat' dir='ltr'>perfracte</span> <span class='ocrx_word' id='word_1_20' title='bbox 645 352 904 396; x_wconf 85' lang='lat' dir='ltr'>tuebantur.</span> <span class='ocrx_word' id='word_1_21' title='bbox 953 350 1161 397; x_wconf 85' lang='lat' dir='ltr'>Sufficiet</span> <span class='ocrx_word' id='word_1_22' title='bbox 1204 350 1387 396; x_wconf 87' lang='lat' dir='ltr'>illorum</span> <span class='ocrx_word' id='word_1_23' title='bbox 1424 358 1693 409; x_wconf 82' lang='lat' dir='ltr'>argumenta</span> 
     </span>
     <span class='ocr_line' id='line_1_5' title="bbox 107 418 1066 478; baseline -0.005 -12"><span class='ocrx_word' id='word_1_24' title='bbox 107 418 227 467; x_wconf 86' lang='lat' dir='ltr'>haud</span> <span class='ocrx_word' id='word_1_25' title='bbox 260 419 379 465; x_wconf 89' lang='lat' dir='ltr'>ultra</span> <span class='ocrx_word' id='word_1_26' title='bbox 414 431 618 465; x_wconf 86' lang='lat' dir='ltr'>summos</span> <span class='ocrx_word' id='word_1_27' title='bbox 660 419 818 478; x_wconf 84' lang='lat' dir='ltr'>apices</span> <span class='ocrx_word' id='word_1_28' title='bbox 847 418 1066 464; x_wconf 83' lang='lat' dir='ltr'>delibare.</span> 
     </span>
    </p>
   </div>
   <div class='ocr_carea' id='block_1_3' title="bbox 388 501 1407 641">
    <p class='ocr_par' dir='ltr' id='par_1_3' title="bbox 388 501 1407 641">
     <span class='ocr_line' id='line_1_6' title="bbox 809 501 974 555; baseline -0.006 -10"><span class='ocrx_word' id='word_1_29' title='bbox 809 501 856 555; x_wconf 61' lang='grc' dir='ltr'>ἓ.</span> <span class='ocrx_word' id='word_1_30' title='bbox 897 502 974 547; x_wconf 86' lang='grc'>68.</span> 
     </span>
     <span class='ocr_line' id='line_1_7' title="bbox 388 581 1407 641; baseline -0.002 -12"><span class='ocrx_word' id='word_1_31' title='bbox 388 584 497 630; x_wconf 71' lang='lat' dir='ltr'>,Nec</span> <span class='ocrx_word' id='word_1_32' title='bbox 523 592 681 641; x_wconf 79' lang='lat' dir='ltr'>pacta</span> <span class='ocrx_word' id='word_1_33' title='bbox 713 585 972 640; x_wconf 70' lang='lat' dir='ltr'>primaeva</span> <span class='ocrx_word' id='word_1_34' title='bbox 999 581 1407 640; x_wconf 72' lang='lat' dir='ltr'>complectuntur.</span> 
     </span>
    </p>
   </div>
   <div class='ocr_carea' id='block_1_4' title="bbox 102 662 1695 1330">
    <p class='ocr_par' dir='ltr' id='par_1_4' title="bbox 102 662 1695 1330">
     <span class='ocr_line' id='line_1_8' title="bbox 238 662 1693 729; baseline -0.003 -16"><span class='ocrx_word' id='word_1_35' title='bbox 238 665 464 729; x_wconf 88' lang='lat' dir='ltr'>Imprimis</span> <span class='ocrx_word' id='word_1_36' title='bbox 504 664 650 710; x_wconf 88' lang='lat' dir='ltr'>basim</span> <span class='ocrx_word' id='word_1_37' title='bbox 691 678 802 710; x_wconf 90' lang='lat' dir='ltr'>suae</span> <span class='ocrx_word' id='word_1_38' title='bbox 842 666 1103 711; x_wconf 90' lang='lat' dir='ltr'>sententiae</span> <span class='ocrx_word' id='word_1_39' title='bbox 1141 664 1352 710; x_wconf 89' lang='lat' dir='ltr'>universi</span> <span class='ocrx_word' id='word_1_40' title='bbox 1399 662 1520 711; x_wconf 89' lang='lat' dir='ltr'>haud</span> <span class='ocrx_word' id='word_1_41' title='bbox 1568 662 1693 722; x_wconf 77' lang='lat' dir='ltr'>alibi,</span> 
     </span>
     <span class='ocr_line' id='line_1_9' title="bbox 105 732 1693 798; baseline -0.004 -16"><span class='ocrx_word' id='word_1_42' title='bbox 105 750 238 798; x_wconf 86' lang='lat' dir='ltr'>quam</span> <span class='ocrx_word' id='word_1_43' title='bbox 262 737 308 780; x_wconf 92' lang='lat' dir='ltr'>in</span> <span class='ocrx_word' id='word_1_44' title='bbox 352 735 486 780; x_wconf 90' lang='lat' dir='ltr'>unius</span> <span class='ocrx_word' id='word_1_45' title='bbox 521 732 775 793; x_wconf 64' lang='lat' dir='ltr'>Anonymi,</span> <span class='ocrx_word' id='word_1_46' title='bbox 817 734 1032 794; x_wconf 91' lang='lat' dir='ltr'>superius</span> <span class='ocrx_word' id='word_1_47' title='bbox 1082 733 1332 776; x_wconf 78' lang='lat' dir='ltr'>recensitis</span> <span class='ocrx_word' id='word_1_48' title='bbox 1388 732 1693 792; x_wconf 82' lang='lat' dir='ltr'>expresioni-</span> 
     </span>
     <span class='ocr_line' id='line_1_10' title="bbox 103 798 1693 862; baseline -0.005 -12"><span class='ocrx_word' id='word_1_49' title='bbox 103 804 187 849; x_wconf 87' lang='lat' dir='ltr'>hus</span> <span class='ocrx_word' id='word_1_50' title='bbox 229 801 389 862; x_wconf 77' lang='lat' dir='ltr'><strong>(VIII)</strong></span> <span class='ocrx_word' id='word_1_51' title='bbox 433 799 711 846; x_wconf 79' lang='lat' dir='ltr'>fundabant:</span> <span class='ocrx_word' id='word_1_52' title='bbox 754 799 861 861; x_wconf 87' lang='lat' dir='ltr'>quid</span> <span class='ocrx_word' id='word_1_53' title='bbox 891 806 1045 845; x_wconf 87' lang='lat' dir='ltr'>autem</span> <span class='ocrx_word' id='word_1_54' title='bbox 1089 800 1208 844; x_wconf 88' lang='lat' dir='ltr'>istae</span> <span class='ocrx_word' id='word_1_55' title='bbox 1239 798 1469 856; x_wconf 62' lang='lat' dir='ltr'>alterutri,</span> <span class='ocrx_word' id='word_1_56' title='bbox 1510 798 1693 858; x_wconf 90' lang='lat' dir='ltr'>quando</span> 
     </span>
     <span class='ocr_line' id='line_1_11' title="bbox 104 865 1695 928; baseline -0.004 -12"><span class='ocrx_word' id='word_1_57' title='bbox 104 870 272 917; x_wconf 90' lang='lat' dir='ltr'>nullam</span> <span class='ocrx_word' id='word_1_58' title='bbox 309 868 520 915; x_wconf 86' lang='lat' dir='ltr'>absolute</span> <span class='ocrx_word' id='word_1_59' title='bbox 555 867 764 928; x_wconf 85' lang='lat' dir='ltr'>regulam</span> <span class='ocrx_word' id='word_1_60' title='bbox 801 868 1066 913; x_wconf 89' lang='lat' dir='ltr'>sucessioni</span> <span class='ocrx_word' id='word_1_61' title='bbox 1108 867 1463 927; x_wconf 68' lang='lat' dir='ltr'>praescribunt,</span> <span class='ocrx_word' id='word_1_62' title='bbox 1503 865 1695 911; x_wconf 88' lang='lat' dir='ltr'>faveant</span> 
     </span>
     <span class='ocr_line' id='line_1_12' title="bbox 106 932 1693 999; baseline -0.004 -15"><span class='ocrx_word' id='word_1_63' title='bbox 106 938 331 999; x_wconf 73' lang='lat' dir='ltr'>opinioni,</span> <span class='ocrx_word' id='word_1_64' title='bbox 369 949 562 998; x_wconf 91' lang='lat' dir='ltr'>prorsus</span> <span class='ocrx_word' id='word_1_65' title='bbox 604 949 698 981; x_wconf 90' lang='lat' dir='ltr'>non</span> <span class='ocrx_word' id='word_1_66' title='bbox 733 934 890 981; x_wconf 85' lang='lat' dir='ltr'>video.</span> <span class='ocrx_word' id='word_1_67' title='bbox 953 934 1106 981; x_wconf 92' lang='lat' dir='ltr'>Video</span> <span class='ocrx_word' id='word_1_68' title='bbox 1149 935 1331 995; x_wconf 67' lang='lat' dir='ltr'>potius,</span> <span class='ocrx_word' id='word_1_69' title='bbox 1372 933 1479 995; x_wconf 91' lang='lat' dir='ltr'>quid</span> <span class='ocrx_word' id='word_1_70' title='bbox 1521 932 1693 978; x_wconf 88' lang='lat' dir='ltr'>obesse</span> 
     </span>
     <span class='ocr_line' id='line_1_13' title="bbox 104 1000 1694 1066; baseline -0.004 -16"><span class='ocrx_word' id='word_1_71' title='bbox 104 1007 315 1066; x_wconf 65' lang='lat' dir='ltr'>possint,</span> <span class='ocrx_word' id='word_1_72' title='bbox 370 1005 408 1049; x_wconf 88' lang='lat' dir='ltr'>si</span> <span class='ocrx_word' id='word_1_73' title='bbox 458 1004 779 1064; x_wconf 80' lang='lat' dir='ltr'>interpretatio</span> <span class='ocrx_word' id='word_1_74' title='bbox 826 1018 849 1048; x_wconf 90' lang='lat' dir='ltr'>a</span> <span class='ocrx_word' id='word_1_75' title='bbox 880 1003 1165 1060; x_wconf 87' lang='lat' dir='ltr'>conjecturis</span> <span class='ocrx_word' id='word_1_76' title='bbox 1206 1008 1404 1063; x_wconf 90' lang='lat' dir='ltr'>petatur.</span> <span class='ocrx_word' id='word_1_77' title='bbox 1455 1000 1589 1046; x_wconf 86' lang='lat' dir='ltr'>Alm</span> <span class='ocrx_word' id='word_1_78' title='bbox 1605 1014 1694 1044; x_wconf 88' lang='grc'><strong>11111</strong></span> 
     </span>
     <span class='ocr_line' id='line_1_14' title="bbox 105 1069 1691 1131; baseline -0.001 -17"><span class='ocrx_word' id='word_1_79' title='bbox 105 1073 266 1116; x_wconf 89' lang='lat' dir='ltr'>enim</span> <span class='ocrx_word' id='word_1_80' title='bbox 304 1072 559 1131; x_wconf 91' lang='lat' dir='ltr'>pariter</span> <span class='ocrx_word' id='word_1_81' title='bbox 597 1072 656 1115; x_wconf 87' lang='lat' dir='ltr'>in</span> <span class='ocrx_word' id='word_1_82' title='bbox 683 1069 874 1116; x_wconf 91' lang='lat' dir='ltr'>filios</span> <span class='ocrx_word' id='word_1_83' title='bbox 912 1069 1346 1115; x_wconf 87' lang='lat' dir='ltr'>tantummodo</span> <span class='ocrx_word' id='word_1_84' title='bbox 1375 1069 1691 1124; x_wconf 81' lang='lat' dir='ltr'>filiorum,</span> 
     </span>
     <span class='ocr_line' id='line_1_15' title="bbox 102 1135 1692 1197; baseline -0.001 -16"><span class='ocrx_word' id='word_1_85' title='bbox 102 1150 197 1182; x_wconf 89' lang='lat' dir='ltr'>non</span> <span class='ocrx_word' id='word_1_86' title='bbox 223 1136 414 1181; x_wconf 85' lang='lat' dir='ltr'>filias</span> <span class='ocrx_word' id='word_1_87' title='bbox 442 1137 857 1194; x_wconf 63' lang='lat' dir='ltr'>itemDucem,</span> <span class='ocrx_word' id='word_1_88' title='bbox 898 1152 966 1182; x_wconf 87' lang='grc'>30</span> <span class='ocrx_word' id='word_1_89' title='bbox 990 1137 1502 1197; x_wconf 85' lang='lat' dir='ltr'>Praeceptorem</span> <span class='ocrx_word' id='word_1_90' title='bbox 1529 1135 1692 1180; x_wconf 92' lang='lat' dir='ltr'>elec-</span> 
     </span>
     <span class='ocr_line' id='line_1_16' title="bbox 102 1201 1691 1265; baseline -0.001 -17"><span class='ocrx_word' id='word_1_91' title='bbox 102 1210 216 1248; x_wconf 91' lang='lat' dir='ltr'>tum</span> <span class='ocrx_word' id='word_1_92' title='bbox 241 1201 365 1247; x_wconf 86' lang='lat' dir='ltr'>fuis</span> <span class='ocrx_word' id='word_1_93' title='bbox 383 1216 403 1246; x_wconf 89' lang='lat' dir='ltr'>s</span> <span class='ocrx_word' id='word_1_94' title='bbox 421 1216 463 1257; x_wconf 85' lang='grc'>6,</span> <span class='ocrx_word' id='word_1_95' title='bbox 491 1205 648 1262; x_wconf 93' lang='lat' dir='ltr'>potior</span> <span class='ocrx_word' id='word_1_96' title='bbox 675 1204 1157 1265; x_wconf 83' lang='lat' dir='ltr'>foretargumentatio</span> <span class='ocrx_word' id='word_1_97' title='bbox 1180 1219 1191 1259; x_wconf 68' lang='grc' dir='ltr'><strong>ς</strong></span> <span class='ocrx_word' id='word_1_98' title='bbox 1232 1204 1366 1250; x_wconf 90' lang='lat' dir='ltr'>Genti</span> <span class='ocrx_word' id='word_1_99' title='bbox 1398 1209 1525 1248; x_wconf 86' lang='lat' dir='ltr'>certe</span> <span class='ocrx_word' id='word_1_100' title='bbox 1553 1202 1691 1248; x_wconf 89' lang='lat' dir='ltr'>armis</span> 
     </span>
     <span class='ocr_line' id='line_1_17' title="bbox 105 1269 1600 1330; baseline -0.001 -14"><span class='ocrx_word' id='word_1_101' title='bbox 105 1269 304 1329; x_wconf 69' lang='lat' dir='ltr'>deditae,</span> <span class='ocrx_word' id='word_1_102' title='bbox 343 1270 648 1330; x_wconf 83' lang='lat' dir='ltr'>nascentique</span> <span class='ocrx_word' id='word_1_103' title='bbox 679 1269 865 1317; x_wconf 89' lang='lat' dir='ltr'>Civitati</span> <span class='ocrx_word' id='word_1_104' title='bbox 903 1272 1051 1330; x_wconf 82' lang='lat' dir='ltr'>magis</span> <span class='ocrx_word' id='word_1_105' title='bbox 1081 1271 1223 1316; x_wconf 89' lang='lat' dir='ltr'>multo</span> <span class='ocrx_word' id='word_1_106' title='bbox 1268 1278 1600 1318; x_wconf 89' lang='lat' dir='ltr'>consentanea.</span> 
     </span>
    </p>
   </div>
   <div class='ocr_carea' id='block_1_5' title="bbox 352 1351 1424 1493">
    <p class='ocr_par' dir='ltr' id='par_1_5' title="bbox 352 1351 1424 1493">
     <span class='ocr_line' id='line_1_18' title="bbox 812 1351 979 1406; baseline 0 -11"><span class='ocrx_word' id='word_1_107' title='bbox 812 1351 859 1406; x_wconf 61' lang='grc' dir='ltr'>ξ.</span> <span class='ocrx_word' id='word_1_108' title='bbox 901 1352 979 1398; x_wconf 88' lang='grc'>69.</span> 
     </span>
     <span class='ocr_line' id='line_1_19' title="bbox 352 1433 1424 1493; baseline -0.002 -11"><span class='ocrx_word' id='word_1_109' title='bbox 352 1437 461 1482; x_wconf 83' lang='lat' dir='ltr'>Nec</span> <span class='ocrx_word' id='word_1_110' title='bbox 484 1433 781 1493; x_wconf 73' lang='lat' dir='ltr'>Diplomata</span> <span class='ocrx_word' id='word_1_111' title='bbox 804 1435 1095 1493; x_wconf 70' lang='lat' dir='ltr'>Principum</span> <span class='ocrx_word' id='word_1_112' title='bbox 1120 1445 1424 1483; x_wconf 74' lang='lat' dir='ltr'>nostrorum.</span> 
     </span>
    </p>
   </div>
   <div class='ocr_carea' id='block_1_6' title="bbox 94 1515 1693 2251">
    <p class='ocr_par' dir='ltr' id='par_1_6' title="bbox 94 1515 1693 2251">
     <span class='ocr_line' id='line_1_20' title="bbox 234 1515 1691 1579; baseline 0.001 -16"><span class='ocrx_word' id='word_1_113' title='bbox 234 1518 404 1563; x_wconf 85' lang='lat' dir='ltr'>Postea</span> <span class='ocrx_word' id='word_1_114' title='bbox 430 1519 476 1562; x_wconf 92' lang='lat' dir='ltr'>in</span> <span class='ocrx_word' id='word_1_115' title='bbox 515 1515 713 1562; x_wconf 90' lang='lat' dir='ltr'>medium</span> <span class='ocrx_word' id='word_1_116' title='bbox 752 1515 999 1578; x_wconf 90' lang='lat' dir='ltr'>proferunt</span> <span class='ocrx_word' id='word_1_117' title='bbox 1024 1516 1287 1578; x_wconf 89' lang='lat' dir='ltr'>Diplomata</span> <span class='ocrx_word' id='word_1_118' title='bbox 1330 1519 1370 1576; x_wconf 78' lang='lat'>⁶)</span> <span class='ocrx_word' id='word_1_119' title='bbox 1429 1517 1691 1579; x_wconf 81' lang='lat' dir='ltr'>Principum</span> 
     </span>
     <span class='ocr_line' id='line_1_21' title="bbox 99 1583 1689 1644; baseline -0.001 -12"><span class='ocrx_word' id='word_1_120' title='bbox 99 1592 367 1632; x_wconf 90' lang='lat' dir='ltr'>nostrorum</span> <span class='ocrx_word' id='word_1_121' title='bbox 407 1598 472 1630; x_wconf 91' lang='lat' dir='ltr'>se</span> <span class='ocrx_word' id='word_1_122' title='bbox 504 1585 667 1642; x_wconf 66' lang='lat' dir='ltr'>jure,</span> <span class='ocrx_word' id='word_1_123' title='bbox 708 1590 762 1629; x_wconf 93' lang='lat' dir='ltr'>et</span> <span class='ocrx_word' id='word_1_124' title='bbox 801 1583 1024 1630; x_wconf 87' lang='lat' dir='ltr'>ordine</span> <span class='ocrx_word' id='word_1_125' title='bbox 1063 1586 1418 1644; x_wconf 65' lang='lat' dir='ltr'>geniturae,</span> <span class='ocrx_word' id='word_1_126' title='bbox 1457 1585 1689 1630; x_wconf 87' lang='lat' dir='ltr'>interdum</span> 
     </span>
     <span class='ocr_line' id='line_1_22' title="bbox 99 1651 1693 1713; baseline -0.001 -14"><span class='ocrx_word' id='word_1_127' title='bbox 99 1656 237 1699; x_wconf 86' lang='lat' dir='ltr'>etiam</span> <span class='ocrx_word' id='word_1_128' title='bbox 273 1667 301 1713; x_wconf 92' lang='lat' dir='ltr'>p</span> <span class='ocrx_word' id='word_1_129' title='bbox 317 1653 423 1696; x_wconf 89' lang='lat' dir='ltr'>rim</span> <span class='ocrx_word' id='word_1_130' title='bbox 441 1665 466 1696; x_wconf 95' lang='lat' dir='ltr'>o</span> <span class='ocrx_word' id='word_1_131' title='bbox 487 1665 557 1710; x_wconf 85' lang='lat' dir='ltr'>ge</span> <span class='ocrx_word' id='word_1_132' title='bbox 574 1653 744 1696; x_wconf 91' lang='lat' dir='ltr'>nitur</span> <span class='ocrx_word' id='word_1_133' title='bbox 760 1666 784 1696; x_wconf 92' lang='lat' dir='ltr'>a</span> <span class='ocrx_word' id='word_1_134' title='bbox 803 1666 827 1696; x_wconf 89' lang='lat' dir='ltr'>e</span> <span class='ocrx_word' id='word_1_135' title='bbox 852 1666 1055 1710; x_wconf 83' lang='lat' dir='ltr'>regnare</span> <span class='ocrx_word' id='word_1_136' title='bbox 1085 1654 1457 1697; x_wconf 86' lang='lat' dir='ltr'>asseverantium</span> <span class='ocrx_word' id='word_1_137' title='bbox 1482 1651 1693 1710; x_wconf 88' lang='grc'><strong>3111111110,</strong></span> 
     </span>
     <span class='ocr_line' id='line_1_23' title="bbox 97 1718 1690 1779; baseline -0.002 -13"><span class='ocrx_word' id='word_1_138' title='bbox 97 1719 219 1766; x_wconf 91' lang='grc'><strong>1131111</strong></span> <span class='ocrx_word' id='word_1_139' title='bbox 243 1718 581 1778; x_wconf 85' lang='lat' dir='ltr'>infrequentia:</span> <span class='ocrx_word' id='word_1_140' title='bbox 621 1732 786 1763; x_wconf 88' lang='lat' dir='ltr'>verum</span> <span class='ocrx_word' id='word_1_141' title='bbox 813 1718 987 1764; x_wconf 89' lang='lat' dir='ltr'>similes</span> <span class='ocrx_word' id='word_1_142' title='bbox 1007 1718 1235 1763; x_wconf 84' lang='lat' dir='ltr'>formulae</span> <span class='ocrx_word' id='word_1_143' title='bbox 1258 1719 1519 1775; x_wconf 74' lang='grc'><strong>31111113110,</strong></span> <span class='ocrx_word' id='word_1_144' title='bbox 1552 1726 1690 1779; x_wconf 87' lang='lat' dir='ltr'>atque</span> 
     </span>
     <span class='ocr_line' id='line_1_24' title="bbox 97 1785 1690 1849; baseline -0.001 -17"><span class='ocrx_word' id='word_1_145' title='bbox 97 1787 352 1849; x_wconf 89' lang='lat' dir='ltr'>improprio</span> <span class='ocrx_word' id='word_1_146' title='bbox 392 1799 535 1829; x_wconf 92' lang='lat' dir='ltr'>sensu</span> <span class='ocrx_word' id='word_1_147' title='bbox 571 1799 656 1845; x_wconf 92' lang='lat' dir='ltr'>pro</span> <span class='ocrx_word' id='word_1_148' title='bbox 707 1785 883 1831; x_wconf 87' lang='lat' dir='ltr'>saeculi</span> <span class='ocrx_word' id='word_1_149' title='bbox 923 1786 1217 1846; x_wconf 86' lang='lat' dir='ltr'>simplicitate</span> <span class='ocrx_word' id='word_1_150' title='bbox 1263 1793 1542 1847; x_wconf 61' lang='lat' dir='ltr'>usurpatae„</span> <span class='ocrx_word' id='word_1_151' title='bbox 1584 1785 1690 1830; x_wconf 88' lang='lat' dir='ltr'>sac-</span> 
     </span>
     <span class='ocr_line' id='line_1_25' title="bbox 97 1851 1690 1913; baseline -0.001 -13"><span class='ocrx_word' id='word_1_152' title='bbox 97 1862 191 1900; x_wconf 90' lang='lat' dir='ltr'>tum</span> <span class='ocrx_word' id='word_1_153' title='bbox 218 1855 353 1899; x_wconf 87' lang='lat' dir='ltr'>unice</span> <span class='ocrx_word' id='word_1_154' title='bbox 382 1851 588 1897; x_wconf 87' lang='lat' dir='ltr'>indicare</span> <span class='ocrx_word' id='word_1_155' title='bbox 617 1859 832 1913; x_wconf 67' lang='lat' dir='ltr'>possunt,</span> <span class='ocrx_word' id='word_1_156' title='bbox 872 1867 1163 1913; x_wconf 85' lang='lat' dir='ltr'>nequaquam</span> <span class='ocrx_word' id='word_1_157' title='bbox 1203 1859 1355 1898; x_wconf 88' lang='lat' dir='ltr'>autem</span> <span class='ocrx_word' id='word_1_158' title='bbox 1381 1855 1458 1911; x_wconf 88' lang='lat' dir='ltr'>jus</span> <span class='ocrx_word' id='word_1_159' title='bbox 1478 1853 1690 1898; x_wconf 80' lang='lat' dir='ltr'>exclusi-</span> 
     </span>
     <span class='ocr_line' id='line_1_26' title="bbox 95 1919 1689 1981; baseline -0.002 -13"><span class='ocrx_word' id='word_1_160' title='bbox 95 1936 221 1978; x_wconf 68' lang='lat' dir='ltr'>vum,</span> <span class='ocrx_word' id='word_1_161' title='bbox 271 1934 361 1966; x_wconf 92' lang='lat' dir='ltr'>una</span> <span class='ocrx_word' id='word_1_162' title='bbox 414 1933 509 1965; x_wconf 89' lang='lat' dir='ltr'>non</span> <span class='ocrx_word' id='word_1_163' title='bbox 546 1919 912 1980; x_wconf 88' lang='lat' dir='ltr'>praestabilitum</span> <span class='ocrx_word' id='word_1_164' title='bbox 953 1920 1198 1981; x_wconf 89' lang='lat' dir='ltr'>quodpiam</span> <span class='ocrx_word' id='word_1_165' title='bbox 1239 1927 1444 1981; x_wconf 84' lang='lat' dir='ltr'>systema</span> <span class='ocrx_word' id='word_1_166' title='bbox 1490 1920 1689 1966; x_wconf 89' lang='lat' dir='ltr'>demon-</span> 
     </span>
     <span class='ocr_line' id='line_1_27' title="bbox 95 1988 1689 2048; baseline -0.002 -13"><span class='ocrx_word' id='word_1_167' title='bbox 95 1996 262 2046; x_wconf 69' lang='lat' dir='ltr'>strare,</span> <span class='ocrx_word' id='word_1_168' title='bbox 303 1988 585 2033; x_wconf 86' lang='lat' dir='ltr'>contrarium</span> <span class='ocrx_word' id='word_1_169' title='bbox 609 1990 886 2047; x_wconf 88' lang='lat' dir='ltr'>praesertim</span> <span class='ocrx_word' id='word_1_170' title='bbox 911 1989 1124 2045; x_wconf 70' lang='lat' dir='ltr'>internis,</span> <span class='ocrx_word' id='word_1_171' title='bbox 1165 1989 1468 2048; x_wconf 82' lang='lat' dir='ltr'>externisque</span> <span class='ocrx_word' id='word_1_172' title='bbox 1510 1995 1689 2033; x_wconf 85' lang='lat' dir='ltr'>tracta-</span> 
     </span>
     <span class='ocr_line' id='line_1_28' title="bbox 94 2053 1689 2117; baseline -0.001 -16"><span class='ocrx_word' id='word_1_173' title='bbox 94 2056 232 2113; x_wconf 74' lang='lat' dir='ltr'>tibus,</span> <span class='ocrx_word' id='word_1_174' title='bbox 272 2054 432 2115; x_wconf 90' lang='lat' dir='ltr'>quales</span> <span class='ocrx_word' id='word_1_175' title='bbox 460 2069 484 2099; x_wconf 91' lang='lat' dir='ltr'>a</span> <span class='ocrx_word' id='word_1_176' title='bbox 513 2053 667 2099; x_wconf 88' lang='lat' dir='ltr'>Caroli</span> <span class='ocrx_word' id='word_1_177' title='bbox 695 2053 755 2099; x_wconf 78' lang='lat' dir='ltr'>Imi</span> <span class='ocrx_word' id='word_1_178' title='bbox 790 2055 1094 2116; x_wconf 63' lang='lat' dir='ltr'>temporibus„</span> <span class='ocrx_word' id='word_1_179' title='bbox 1135 2056 1319 2117; x_wconf 91' lang='lat' dir='ltr'>quoties</span> <span class='ocrx_word' id='word_1_180' title='bbox 1345 2055 1481 2101; x_wconf 88' lang='lat' dir='ltr'>virile</span> <span class='ocrx_word' id='word_1_181' title='bbox 1508 2055 1689 2115; x_wconf 81' lang='lat' dir='ltr'>Regum</span> 
     </span>
     <span class='ocr_line' id='line_1_29' title="bbox 96 2121 1687 2184; baseline 0 -15"><span class='ocrx_word' id='word_1_182' title='bbox 96 2137 258 2169; x_wconf 90' lang='lat' dir='ltr'>semen</span> <span class='ocrx_word' id='word_1_183' title='bbox 289 2121 477 2167; x_wconf 89' lang='lat' dir='ltr'>defectu</span> <span class='ocrx_word' id='word_1_184' title='bbox 497 2121 755 2180; x_wconf 71' lang='lat' dir='ltr'>laborabat,</span> <span class='ocrx_word' id='word_1_185' title='bbox 793 2121 946 2168; x_wconf 88' lang='lat' dir='ltr'>locum</span> <span class='ocrx_word' id='word_1_186' title='bbox 988 2122 1207 2169; x_wconf 88' lang='lat' dir='ltr'>habuisse</span> <span class='ocrx_word' id='word_1_187' title='bbox 1248 2137 1384 2169; x_wconf 90' lang='lat' dir='ltr'>nemo</span> <span class='ocrx_word' id='word_1_188' title='bbox 1422 2125 1687 2184; x_wconf 59' lang='lat' dir='ltr'>negaverit,</span> 
     </span>
     <span class='ocr_line' id='line_1_30' title="bbox 99 2189 1434 2251; baseline -0.001 -15"><span class='ocrx_word' id='word_1_189' title='bbox 99 2191 190 2237; x_wconf 90' lang='lat' dir='ltr'>nisi</span> <span class='ocrx_word' id='word_1_190' title='bbox 229 2191 305 2251; x_wconf 91' lang='lat' dir='ltr'>qui</span> <span class='ocrx_word' id='word_1_191' title='bbox 337 2203 415 2236; x_wconf 89' lang='lat' dir='ltr'>res</span> <span class='ocrx_word' id='word_1_192' title='bbox 455 2189 830 2236; x_wconf 89' lang='lat' dir='ltr'>evidentissimas</span> <span class='ocrx_word' id='word_1_193' title='bbox 869 2189 1029 2237; x_wconf 88' lang='lat' dir='ltr'>dubias</span> <span class='ocrx_word' id='word_1_194' title='bbox 1068 2191 1268 2236; x_wconf 90' lang='lat' dir='ltr'>reddere</span> <span class='ocrx_word' id='word_1_195' title='bbox 1305 2191 1434 2237; x_wconf 80' lang='lat' dir='ltr'>velit.</span> 
     </span>
    </p>
   </div>
   <div class='ocr_carea' id='block_1_7' title="bbox 404 2273 1366 2416">
    <p class='ocr_par' dir='ltr' id='par_1_7' title="bbox 404 2273 1366 2416">
     <span class='ocr_line' id='line_1_31' title="bbox 813 2273 978 2329; baseline 0 -12"><span class='ocrx_word' id='word_1_196' title='bbox 813 2273 859 2329; x_wconf 57' lang='grc' dir='ltr'>ὃ.</span> <span class='ocrx_word' id='word_1_197' title='bbox 901 2275 978 2320; x_wconf 81' lang='grc'><strong>70.</strong></span> 
     </span>
     <span class='ocr_line' id='line_1_32' title="bbox 404 2355 1366 2416; baseline 0 -14"><span class='ocrx_word' id='word_1_198' title='bbox 404 2357 580 2416; x_wconf 62' lang='lat' dir='ltr'>Neque</span> <span class='ocrx_word' id='word_1_199' title='bbox 605 2355 742 2415; x_wconf 70' lang='lat' dir='ltr'>[eyes</span> <span class='ocrx_word' id='word_1_200' title='bbox 770 2371 984 2416; x_wconf 72' lang='lat' dir='ltr'>ususque</span> <span class='ocrx_word' id='word_1_201' title='bbox 1009 2356 1366 2403; x_wconf 74' lang='lat' dir='ltr'>demonstrant.</span> 
     </span>
    </p>
   </div>
   <div class='ocr_carea' id='block_1_8' title="bbox 97 2435 1690 2567">
    <p class='ocr_par' dir='ltr' id='par_1_8' title="bbox 97 2435 1690 2567">
     <span class='ocr_line' id='line_1_33' title="bbox 233 2435 1690 2498; baseline 0.001 -16"><span class='ocrx_word' id='word_1_202' title='bbox 233 2435 396 2498; x_wconf 91' lang='lat' dir='ltr'>Neque</span> <span class='ocrx_word' id='word_1_203' title='bbox 415 2437 560 2483; x_wconf 88' lang='lat' dir='ltr'>Maria</span> <span class='ocrx_word' id='word_1_204' title='bbox 600 2438 637 2483; x_wconf 69' lang='lat'>1³</span> <span class='ocrx_word' id='word_1_205' title='bbox 683 2444 728 2483; x_wconf 89' lang='lat' dir='ltr'>et</span> <span class='ocrx_word' id='word_1_206' title='bbox 753 2437 1020 2484; x_wconf 86' lang='lat' dir='ltr'>Elisabetha</span> <span class='ocrx_word' id='word_1_207' title='bbox 1058 2439 1240 2485; x_wconf 86' lang='lat' dir='ltr'>Alberti</span> <span class='ocrx_word' id='word_1_208' title='bbox 1277 2439 1415 2486; x_wconf 83' lang='lat' dir='ltr'>vidua</span> <span class='ocrx_word' id='word_1_209' title='bbox 1454 2440 1498 2483; x_wconf 92' lang='lat' dir='ltr'>in</span> <span class='ocrx_word' id='word_1_210' title='bbox 1537 2438 1690 2483; x_wconf 88' lang='lat' dir='ltr'>Litte-</span> 
     </span>
     <span class='ocr_line' id='line_1_34' title="bbox 97 2504 1689 2567; baseline 0.003 -22"><span class='ocrx_word' id='word_1_211' title='bbox 97 2504 159 2547; x_wconf 88' lang='lat' dir='ltr'>ris</span> <span class='ocrx_word' id='word_1_212' title='bbox 204 2504 507 2565; x_wconf 70' lang='lat' dir='ltr'>legibusque,</span> <span class='ocrx_word' id='word_1_213' title='bbox 558 2507 733 2566; x_wconf 89' lang='lat' dir='ltr'>inquo</span> <span class='ocrx_word' id='word_1_214' title='bbox 789 2505 1034 2552; x_wconf 85' lang='lat' dir='ltr'>Lakiosius</span> <span class='ocrx_word' id='word_1_215' title='bbox 1075 2521 1287 2567; x_wconf 85' lang='lat' dir='ltr'>magnam</span> <span class='ocrx_word' id='word_1_216' title='bbox 1338 2509 1429 2552; x_wconf 86' lang='lat' dir='ltr'>vim</span> <span class='ocrx_word' id='word_1_217' title='bbox 1485 2507 1689 2567; x_wconf 74' lang='lat' dir='ltr'>reponit,</span> 
     </span>
    </p>
   </div>
   <div class='ocr_carea' id='block_1_9' title="bbox 99 2583 364 2593">
    <p class='ocr_par' dir='ltr' id='par_1_9' title="bbox 99 2583 364 2593">
     <span class='ocr_line' id='line_1_35' title="bbox 99 2583 364 2593; baseline 0 550"><span class='ocrx_word' id='word_1_218' title='bbox 99 2583 364 2593; x_wconf 95' lang='lat' dir='ltr'> </span> 
     </span>
    </p>
   </div>
   <div class='ocr_carea' id='block_1_10' title="bbox 137 2611 1686 2893">
    <p class='ocr_par' dir='ltr' id='par_1_10' title="bbox 137 2611 729 2654">
     <span class='ocr_line' id='line_1_36' title="bbox 137 2611 729 2654; baseline 0.005 -7"><span class='ocrx_word' id='word_1_219' title='bbox 137 2611 170 2647; x_wconf 80' lang='lat'>³)</span> <span class='ocrx_word' id='word_1_220' title='bbox 197 2612 260 2654; x_wconf 75' lang='lat' dir='ltr'>Op.</span> <span class='ocrx_word' id='word_1_221' title='bbox 295 2616 352 2648; x_wconf 81' lang='lat' dir='ltr'>cit.</span> <span class='ocrx_word' id='word_1_222' title='bbox 379 2615 416 2648; x_wconf 86' lang='lat' dir='ltr'>C.</span> <span class='ocrx_word' id='word_1_223' title='bbox 443 2617 475 2651; x_wconf 86' lang='lat'>3.</span> <span class='ocrx_word' id='word_1_224' title='bbox 502 2619 533 2650; x_wconf 87' lang='lat'>7.</span> <span class='ocrx_word' id='word_1_225' title='bbox 559 2618 589 2650; x_wconf 83' lang='lat'>8.</span> <span class='ocrx_word' id='word_1_226' title='bbox 616 2618 648 2652; x_wconf 86' lang='lat'>9.</span> <span class='ocrx_word' id='word_1_227' title='bbox 676 2619 729 2652; x_wconf 91' lang='grc'>10.</span> 
     </span>
    </p>

    <p class='ocr_par' dir='ltr' id='par_1_11' title="bbox 138 2657 1012 2706">
     <span class='ocr_line' id='line_1_37' title="bbox 138 2657 1012 2706; baseline 0 -9"><span class='ocrx_word' id='word_1_228' title='bbox 138 2657 173 2697; x_wconf 75' lang='lat'>¹³)</span> <span class='ocrx_word' id='word_1_229' title='bbox 200 2658 237 2690; x_wconf 83' lang='lat' dir='ltr'>C.</span> <span class='ocrx_word' id='word_1_230' title='bbox 259 2662 289 2694; x_wconf 84' lang='lat'>1.</span> <span class='ocrx_word' id='word_1_231' title='bbox 316 2659 345 2700; x_wconf 77' lang='lat'>§.</span> <span class='ocrx_word' id='word_1_232' title='bbox 371 2663 402 2700; x_wconf 60' lang='lat'>8,</span> <span class='ocrx_word' id='word_1_233' title='bbox 435 2668 470 2695; x_wconf 90' lang='lat' dir='ltr'>et</span> <span class='ocrx_word' id='word_1_234' title='bbox 495 2674 571 2706; x_wconf 84' lang='lat' dir='ltr'>seq.</span> <span class='ocrx_word' id='word_1_235' title='bbox 598 2667 633 2696; x_wconf 86' lang='lat' dir='ltr'>in</span> <span class='ocrx_word' id='word_1_236' title='bbox 660 2666 739 2697; x_wconf 85' lang='lat' dir='ltr'>Jur.</span> <span class='ocrx_word' id='word_1_237' title='bbox 764 2665 866 2698; x_wconf 88' lang='lat' dir='ltr'>Publ.</span> <span class='ocrx_word' id='word_1_238' title='bbox 894 2666 1012 2706; x_wconf 78' lang='lat' dir='ltr'>Hung.</span> 
     </span>
    </p>

    <p class='ocr_par' dir='ltr' id='par_1_12' title="bbox 138 2705 1545 2754">
     <span class='ocr_line' id='line_1_38' title="bbox 138 2705 1545 2754; baseline 0 -11"><span class='ocrx_word' id='word_1_239' title='bbox 138 2707 170 2743; x_wconf 73' lang='lat'>⁰)</span> <span class='ocrx_word' id='word_1_240' title='bbox 197 2705 270 2738; x_wconf 63' lang='lat' dir='ltr'>Lib·</span> <span class='ocrx_word' id='word_1_241' title='bbox 297 2707 387 2749; x_wconf 77' lang='lat' dir='ltr'>sing.</span> <span class='ocrx_word' id='word_1_242' title='bbox 425 2711 468 2742; x_wconf 89' lang='lat' dir='ltr'>de</span> <span class='ocrx_word' id='word_1_243' title='bbox 494 2711 642 2743; x_wconf 81' lang='lat' dir='ltr'>haered.</span> <span class='ocrx_word' id='word_1_244' title='bbox 668 2712 757 2744; x_wconf 77' lang='lat' dir='ltr'>Jure</span> <span class='ocrx_word' id='word_1_245' title='bbox 784 2713 926 2745; x_wconf 89' lang='lat' dir='ltr'>Ducum</span> <span class='ocrx_word' id='word_1_246' title='bbox 954 2713 1079 2754; x_wconf 87' lang='lat' dir='ltr'>primo.</span> <span class='ocrx_word' id='word_1_247' title='bbox 1108 2711 1233 2744; x_wconf 84' lang='lat' dir='ltr'>deinde</span> <span class='ocrx_word' id='word_1_248' title='bbox 1259 2713 1398 2753; x_wconf 87' lang='lat' dir='ltr'>Regum</span> <span class='ocrx_word' id='word_1_249' title='bbox 1424 2711 1545 2753; x_wconf 80' lang='lat' dir='ltr'>Hung.</span> 
     </span>
    </p>

    <p class='ocr_par' dir='ltr' id='par_1_13' title="bbox 137 2748 1302 2800">
     <span class='ocr_line' id='line_1_39' title="bbox 137 2748 1302 2800; baseline 0.004 -15"><span class='ocrx_word' id='word_1_250' title='bbox 137 2748 172 2789; x_wconf 69' lang='lat' dir='ltr'>d)</span> <span class='ocrx_word' id='word_1_251' title='bbox 199 2752 362 2792; x_wconf 78' lang='lat' dir='ltr'>sparsim</span> <span class='ocrx_word' id='word_1_252' title='bbox 386 2753 420 2787; x_wconf 81' lang='grc'>111</span> <span class='ocrx_word' id='word_1_253' title='bbox 444 2756 494 2789; x_wconf 68' lang='lat' dir='ltr'>bet</span> <span class='ocrx_word' id='word_1_254' title='bbox 519 2754 667 2789; x_wconf 63' lang='lat' dir='ltr'>Qtusbttb.</span> <span class='ocrx_word' id='word_1_255' title='bbox 694 2758 744 2790; x_wconf 70' lang='lat' dir='ltr'>bet</span> <span class='ocrx_word' id='word_1_256' title='bbox 770 2755 955 2800; x_wconf 64' lang='lat' dir='ltr'>Ysert‘affung</span> <span class='ocrx_word' id='word_1_257' title='bbox 981 2759 1033 2790; x_wconf 64' lang='lat' dir='ltr'>bes</span> <span class='ocrx_word' id='word_1_258' title='bbox 1059 2754 1193 2799; x_wconf 61' lang='lat' dir='ltr'>abnfgr.</span> <span class='ocrx_word' id='word_1_259' title='bbox 1220 2756 1302 2799; x_wconf 61' lang='lat' dir='ltr'>ltng.</span> 
     </span>
    </p>

    <p class='ocr_par' dir='ltr' id='par_1_14' title="bbox 137 2799 1686 2893">
     <span class='ocr_line' id='line_1_40' title="bbox 137 2799 1686 2845; baseline 0.005 -17"><span class='ocrx_word' id='word_1_260' title='bbox 137 2802 167 2837; x_wconf 81' lang='lat' dir='ltr'>e)</span> <span class='ocrx_word' id='word_1_261' title='bbox 196 2799 291 2838; x_wconf 84' lang='lat' dir='ltr'>Quae</span> <span class='ocrx_word' id='word_1_262' title='bbox 317 2808 432 2840; x_wconf 83' lang='lat' dir='ltr'>reper.</span> <span class='ocrx_word' id='word_1_263' title='bbox 462 2811 513 2843; x_wconf 85' lang='lat' dir='ltr'>ap.</span> <span class='ocrx_word' id='word_1_264' title='bbox 540 2804 690 2842; x_wconf 60' lang='lat' dir='ltr'>namna,</span> <span class='ocrx_word' id='word_1_265' title='bbox 721 2804 908 2845; x_wconf 82' lang='lat' dir='ltr'>Cornides,</span> <span class='ocrx_word' id='word_1_266' title='bbox 935 2806 1038 2845; x_wconf 74' lang='lat' dir='ltr'>Pray,</span> <span class='ocrx_word' id='word_1_267' title='bbox 1065 2804 1188 2835; x_wconf 84' lang='lat' dir='ltr'>Lakits</span> <span class='ocrx_word' id='word_1_268' title='bbox 1215 2804 1248 2834; x_wconf 87' lang='lat' dir='ltr'>in</span> <span class='ocrx_word' id='word_1_269' title='bbox 1277 2805 1381 2845; x_wconf 83' lang='lat' dir='ltr'>Oper.</span> <span class='ocrx_word' id='word_1_270' title='bbox 1409 2812 1474 2844; x_wconf 77' lang='lat' dir='ltr'>pei·</span> <span class='ocrx_word' id='word_1_271' title='bbox 1499 2812 1539 2833; x_wconf 83' lang='lat' dir='ltr'>se</span> <span class='ocrx_word' id='word_1_272' title='bbox 1569 2803 1686 2836; x_wconf 72' lang='lat' dir='ltr'>editis.</span> 
     </span>
     <span class='ocr_line' id='line_1_41' title="bbox 203 2844 1537 2893; baseline 0.004 -18"><span class='ocrx_word' id='word_1_273' title='bbox 203 2844 304 2877; x_wconf 81' lang='lat' dir='ltr'>Conf.</span> <span class='ocrx_word' id='word_1_274' title='bbox 330 2846 431 2888; x_wconf 84' lang='lat' dir='ltr'>Disq.</span> <span class='ocrx_word' id='word_1_275' title='bbox 458 2849 501 2881; x_wconf 87' lang='lat' dir='ltr'>de</span> <span class='ocrx_word' id='word_1_276' title='bbox 528 2849 617 2882; x_wconf 87' lang='lat' dir='ltr'>mod.</span> <span class='ocrx_word' id='word_1_277' title='bbox 645 2858 746 2882; x_wconf 86' lang='lat' dir='ltr'>cons.</span> <span class='ocrx_word' id='word_1_278' title='bbox 773 2859 902 2882; x_wconf 61' lang='lat' dir='ltr'>sumni,</span> <span class='ocrx_word' id='word_1_279' title='bbox 930 2851 1016 2893; x_wconf 87' lang='lat' dir='ltr'>Imp.</span> <span class='ocrx_word' id='word_1_280' title='bbox 1044 2850 1078 2882; x_wconf 90' lang='lat' dir='ltr'>in</span> <span class='ocrx_word' id='word_1_281' title='bbox 1104 2850 1222 2891; x_wconf 80' lang='lat' dir='ltr'>Hung.</span> <span class='ocrx_word' id='word_1_282' title='bbox 1250 2860 1282 2891; x_wconf 87' lang='lat' dir='ltr'>p.</span> <span class='ocrx_word' id='word_1_283' title='bbox 1310 2851 1375 2883; x_wconf 89' lang='grc'>177</span> <span class='ocrx_word' id='word_1_284' title='bbox 1403 2853 1437 2881; x_wconf 82' lang='lat' dir='ltr'>et</span> <span class='ocrx_word' id='word_1_285' title='bbox 1462 2858 1537 2890; x_wconf 85' lang='lat' dir='ltr'>seq.</span> 
     </span>
    </p>
   </div>
  </div>
 </body>
</html>
