1941 3143
226 47 321 94 194

222 167 272 206 et
302 170 442 205 causa
482 154 694 218 gravium
722 154 1083 213 dissensionum,
1122 155 1366 219 fomesque
1392 155 1622 204 interdum
1650 156 1814 204 turba-

222 242 323 272 rum
350 234 463 272 erat.
504 229 656 281 Quare
681 226 775 282 jam
805 223 1106 279 Colonianni.
1147 233 1193 271 et
1234 227 1453 272 Andreae
1482 225 1535 271 ΙΙ.
1579 226 1813 283 DecretiS.

220 295 299 340 ille
325 294 509 355 quidem
536 300 728 338 exteros
756 295 856 336 sine
888 291 1189 349 fidejussione
1220 298 1434 356 recipere
1477 295 1530 357 ·’·)
1582 296 1670 339 iste
1714 296 1815 339 sine

224 362 425 408 consilio
454 361 605 419 Regni
633 359 689 404 ad
716 359 966 418 dignitates
1003 374 1302 420 promovere.
1343 369 1388 407 et
1429 367 1563 406 extra
1599 360 1814 421 Regnum

223 431 561 490 possessiones
604 426 841 481 conferre„
876 427 1067 472 totidem
1092 429 1250 475 verbis
1291 429 1632 475 interdixerunt
1671 428 1732 487 ¹³).

281 511 334 563 ³⁶)
370 511 597 549 neodatum
631 521 651 546 e
685 507 920 547 Comitibus
954 509 1141 549 Severini
1187 511 1233 550 de
1265 511 1438 562 Apulia,
1481 509 1748 561 Volsgerum,
1779 512 1818 547 et

340 567 564 605 Henricum
610 564 792 604 Comites
836 566 883 604 de
930 565 1171 619 Homburg‚
1219 568 1401 609 Comites
1461 567 1821 613 Hunt—Paznam

338 623 636 662 Venczelinum
671 623 718 660 de
750 621 1059 676 Veiczenburg‚
1104 631 1142 664 et
1183 625 1287 665 alios
1330 626 1407 665 sub
1441 625 1587 677 primis
1621 623 1821 673 Regibus,

341 680 423 719 imo
458 681 656 731 quosdam
700 679 776 718 sub
821 679 961 731 Geysa
1001 681 1113 720 Duce
1156 681 1196 721 in
1235 682 1491 733 Hungariam
1524 681 1822 733 immigrantes,

338 737 525 786 civitate,
570 735 769 786 bonisque
810 735 942 776 fuisse
974 739 1173 787 donatos,
1206 739 1346 792 utique
1379 739 1502 778 unius
1534 737 1742 788 Principis
1775 749 1821 775 ex

338 793 540 842 arbitrio,
579 805 761 832 consona
795 792 1218 847 Chronographorum
1260 796 1380 836 turba
1412 794 1529 834 fidem
1560 793 1823 846 praestate).

922 883 969 938 ὃ.
1010 885 1122 931 269.

737 964 894 1024 quue
931 970 1090 1024 ipsum
1126 966 1289 1013 hodie.

366 1062 472 1109 Non
511 1060 791 1107 immorabor
828 1061 1011 1121 legibus
1051 1065 1345 1119 numerosis.
1398 1077 1516 1125 quae
1549 1063 1606 1109 de
1647 1066 1823 1110 exteris

237 1135 285 1178 in
309 1132 523 1190 Regnum
550 1128 670 1173 haud
696 1129 1005 1190 recipiendis‚
1043 1145 1196 1193 neque
1235 1131 1292 1177 ad
1330 1131 1483 1177 officia
1520 1145 1615 1177 non
1651 1137 1823 1177 tantum

230 1199 432 1262 publica,
473 1196 556 1243 sed
595 1211 748 1257 neque
774 1196 1110 1256 Praelatorum,
1150 1198 1480 1244 autBaronum
1506 1201 1687 1260 privata
1734 1214 1824 1260 ap-

226 1266 473 1329 plicandis,
503 1265 651 1310 altera
681 1264 863 1324 Regum
888 1265 1108 1318 Periodo.
1137 1266 1220 1311 sub
1247 1265 1462 1323 Alberto,
1490 1265 1705 1312 Ladislao
1733 1266 1826 1310 hu-

224 1336 301 1393 jus
330 1334 442 1391 filio.
471 1340 516 1378 et
542 1332 1034 1393 reliquisinregimine
1048 1333 1413 1379 Successorihus
1431 1333 1646 1378 conditae
1665 1332 1825 1388 fuere3

227 1402 432 1448 observo
461 1407 615 1445 tamen
652 1400 883 1456 Venetos.
923 1414 977 1444 ac
1015 1399 1220 1446 Polonos
1258 1401 1311 1446 ab
1351 1402 1474 1446 omni
1512 1400 1740 1446 honorum
1780 1402 1827 1444 in

229 1469 397 1530 Regno
438 1469 750 1528 possessione
776 1466 948 1512 Mathia
995 1466 1201 1514 Corvino
1242 1475 1505 1529 regnante.
1546 1482 1607 1513 ex
1643 1467 1827 1528 publica

231 1537 567 1582 constitutione
610 1532 673 1593 d).
719 1541 887 1595 postea
938 1549 1081 1596 saepe
1130 1537 1313 1584 iterata.
1373 1538 1419 1581 in
1467 1542 1628 1581 nostra
1677 1549 1826 1595 usque

229 1610 441 1665 tempora
479 1601 627 1647 fuisse
668 1601 921 1658 exclusos3
962 1602 1113 1648 donec
1152 1602 1275 1648 istud
1299 1618 1448 1664 nuper
1481 1602 1632 1648 solum
1673 1601 1828 1646 aboli-

232 1678 327 1716 tum
354 1670 632 1715 exstitisset.
660 1668 1046 1714 Praecautionem
1071 1670 1177 1715 huic
1204 1670 1386 1716 affinem
1412 1670 1546 1730 leges
1572 1667 1829 1714 Uladislai-

231 1753 349 1784 anae
390 1736 446 1782 de
483 1737 723 1781 extraneis
766 1734 1135 1794 Ecclesiasticis‚
1173 1737 1230 1782 ad
1273 1736 1502 1782 beneficia
1528 1751 1623 1782 non
1663 1735 1828 1781 admo-

230 1806 417 1861 vendis.
445 1804 610 1861 majori
637 1802 786 1848 adhuc
827 1818 928 1848 cum
968 1806 1224 1851 severitate
1264 1804 1521 1850 decernunt
1562 1804 1621 1860 ⁰).
1681 1801 1827 1848 Erra-

229 1874 341 1919 bant
366 1870 581 1934 proinde,
621 1873 697 1930 qui
741 1870 798 1915 ad
838 1872 1015 1916 initium
1042 1886 1190 1932 usque
1227 1872 1413 1916 Periodi
1442 1871 1608 1916 tertiae
1634 1869 1828 1927 Indige-

229 1948 405 1995 natum.
444 1941 534 1984 isto
563 1951 706 1983 sensu
733 1944 992 1997 acceptum„
1030 1940 1298 1997 promiscue
1337 1939 1485 1983 cuivis
1512 1938 1573 1981 ita
1602 1936 1698 1981 dari
1734 1949 1827 1995 po-

232 2009 382 2053 tuisse
411 2004 767 2061 asseverabant,
804 2010 854 2048 ut
891 2004 1028 2049 nullis
1055 2018 1250 2065 prorsus
1280 2002 1599 2051 sanctionibus
1624 2004 1829 2050 restrin-

233 2081 426 2134 geretur
469 2070 531 2129 s).

922 2170 970 2226 ξ.
1011 2172 1123 2220 270.

648 2268 878 2315 Dz'aetale'
910 2271 1127 2317 articulo
1166 2275 1416 2318 inseritur.

370 2367 499 2414 Haec
524 2365 581 2411 ad
604 2365 886 2413 Ferdinandi
914 2370 1050 2430 primi
1076 2376 1305 2432 tempora.
1336 2368 1419 2415 sub
1447 2381 1537 2428 quo
1564 2372 1610 2411 et
1630 2365 1831 2426 primum

238 2434 494 2496 Indigenae
546 2434 753 2480 articulis
796 2434 1070 2483 diaetalibus
1108 2439 1274 2484 inserti
1323 2439 1366 2482 in
1409 2435 1608 2481 Martino
1654 2431 1831 2478 Musica

278 2562 312 2604 a)
337 2565 427 2596 Dec.
457 2562 531 2595 Lib.
559 2564 588 2595 1.
617 2563 653 2595 C.
681 2564 712 2597 4.

274 2607 311 2649 b)
339 2611 440 2643 1222.
468 2612 521 2642 11.
547 2613 583 2641 et
608 2611 662 2642 26.

278 2656 309 2693 c)
336 2658 435 2698 Quos
461 2657 557 2688 inter
582 2655 694 2696 Rem,
721 2655 953 2690 Thuroczius
981 2665 1079 2699 oper.
1107 2657 1202 2691 citat.

279 2700 314 2739 d)
341 2702 443 2735 1486.
469 2703 525 2735 32.

277 2747 312 2788 ἱ·)
340 2747 440 2782 1495.
469 2749 523 2782 30.
550 2752 584 2780 et
609 2749 664 2781 31.

280 2791 317 2833 f)
343 2795 422 2828 vid.
450 2792 616 2834 Szaszky
645 2795 678 2826 in
704 2794 868 2828 Dissert.
895 2796 939 2828 de
967 2794 1131 2827 Coruinis
1159 2794 1197 2826 C.
1224 2791 1258 2824 4.
1282 2789 1311 2833 §.
1342 2793 1396 2828 11.
1422 2795 1506 2825 nota
1548 2787 1582 2831 ὃ)
1607 2799 1639 2832 p.
1664 2788 1740 2825 120.
