1941 3143
1576 82 1669 131 155

118 205 170 259 *)
200 201 429 245 posteriori
463 201 545 241 isto
566 202 740 242 Decreto
773 207 888 243 cavet
917 201 1104 242 Andreas
1130 197 1182 239 11.
1223 195 1395 236 articulo
1424 196 1462 235 3.
1503 194 1569 243 „si
1589 193 1674 233 Pa-

204 261 388 309 „latinus
407 259 571 298 interim
598 259 701 298 male
722 256 1073 299 administraverit
1099 254 1264 307 negotia
1284 252 1435 303 Regis,
1468 255 1506 290 et
1529 250 1674 302 Regni,

204 316 523 368 „supplicabunt
554 316 692 363 nobis,
737 323 794 355 ut
834 315 1112 355 utiliorem
1155 311 1275 350 loco
1308 308 1432 361 ejus
1465 306 1675 346 consti-

205 380 324 422 „tua
341 387 377 412 m
393 385 415 410 u
430 385 464 420 S,
497 385 516 423 q
535 385 557 410 ιι
572 385 640 410 em
675 372 940 417 volumus,
973 377 1011 410 et
1030 370 1116 409 Nos
1139 367 1330 419 precibus
1357 376 1496 404 corum
1516 375 1676 402 annue-

204 433 365 471 ..mus.“
397 428 428 467 E
459 429 606 479 quibus
630 429 767 468 verbis
791 427 1105 468 ambulatorium
1129 425 1260 464 fuisse
1283 428 1374 462 ante
1393 421 1597 461 Andream
1622 418 1675 457 ΙΙ.

202 500 352 528 munus
381 487 507 534 istud,
539 486 699 538 Prayus
740 498 895 538 quoque
927 484 1128 524 ariolatur
1170 482 1224 533 ιΊ).

92 545 167 600 >qm³²)
202 545 246 584 ln
288 545 384 584 haec
422 543 566 582 verba:
611 543 727 591 „Nos
759 543 970 582 Emer-icus
1016 540 1145 593 Regni
1192 536 1431 590 Hungariae
1462 532 1676 574 Palatinus

206 601 450 651 „memoriae
475 601 816 648 commendamus,
849 601 953 651 quod
986 598 1075 649 ipso
1109 597 1286 636 Domino
1318 593 1512 633 liadislao
1551 592 1678 637 Duce,

204 665 272 709 „et
305 659 490 698 Palatino
514 671 586 709 per
610 657 827 696 Dominum
860 662 1046 696 nostrum
1073 656 1222 706 Regem
1246 653 1286 692 in
1305 650 1542 690 Dominium
1563 648 1679 687 Ruz—

206 717 321 765 „ziae
353 715 588 762 sublimato,
620 714 848 765 ipsoque
881 714 1081 752 honore
1112 710 1335 750 Palatin
1353 714 1470 747 atus
1502 718 1574 759 per
1595 705 1680 744 Re-

206 774 340 826 „giam
373 771 632 827 Majestatem
663 771 782 811 nobis
803 770 951 810 collato
973 774 1044 810 etc.
1087 768 1145 821 h).

827 895 835 905 .
875 861 989 907 211.

306 947 468 1001 Quare
502 946 612 991 Lea:
649 860 851 990 eaten{s
886 943 975 989 sub
1012 941 1214 988 Alberto
1255 937 1468 986 condita.

240 1028 509 1088 Exemplum
549 1028 747 1071 omnium
785 1027 977 1087 priinum
1028 1024 1266 1070 constituti
1301 1037 1386 1083 per
1410 1021 1590 1079 Regem
1626 1032 1686 1062 ex

109 1096 306 1140 consilio
335 1097 542 1140 Statuum
567 1094 789 1140 Palatini.
829 1092 1067 1137 Ludovico
1094 1091 1128 1136 Ι.
1158 1095 1385 1149 regnante
1412 1090 1457 1133 in
1484 1085 1681 1132 Nicolao

111 1162 167 1206 de
207 1161 362 1207 Siklos
413 1161 639 1221 praebent
678 1160 813 1218 hujus
841 1162 1060 1221 propriae
1100 1158 1304 1204 Litterae
1329 1181 1397 1188 —-
1423 1153 1687 1201 TrIbunalia

116 1243 139 1274 e
157 1243 229 1290 xp
250 1243 274 1272 e
292 1227 318 1273 d
335 1230 348 1272 i
367 1235 380 1272 t
401 1242 425 1271 o
444 1242 465 1271 r
483 1230 494 1271 i
514 1242 537 1271 a
556 1242 576 1272 s
602 1235 773 1272 vocant
798 1253 865 1259 -
892 1226 1191 1287 sequentibus
1235 1226 1275 1283 ⁰)
1296 1241 1304 1269 :
1348 1222 1513 1282 „mihi7
1554 1234 1689 1280 quem

114 1297 276 1355 „regia
302 1294 565 1353 benignitas
594 1293 650 1339 de
678 1295 748 1340 Pr
766 1309 790 1339 a
809 1294 1143 1347 elatorum.
1183 1299 1241 1338 et
1277 1292 1312 1336 B
1332 1306 1393 1336 ar
1412 1303 1595 1343 onum,
1635 1292 1691 1332 et

111 1363 342 1422 „Regni
380 1362 474 1406 sui
513 1360 825 1406 Nobilium
864 1361 1147 1405 unanimi
1201 1374 1317 1404 con
1340 1358 1494 1403 silio
1535 1355 1690 1400 divina

114 1429 279 1489 ¹„nobis
306 1428 496 1475 favente
525 1429 769 1474 clementia
788 1462 800 1485 v
840 1430 895 1488 ip
914 1429 1003 1472 siu
1018 1441 1038 1472 s
1065 1427 1096 1473 P
1115 1442 1139 1472 a
1156 1426 1268 1471 lati
1285 1441 1313 1470 n
1331 1431 1463 1470 atus
1500 1422 1529 1467 h
1546 1437 1571 1467 o
1588 1437 1616 1466 n
1632 1435 1692 1465 o-

110 1512 230 1543 rem
268 1496 700 1542 decreverat.“
739 1494 840 1540 Nec
879 1493 1080 1540 futurum
1114 1495 1210 1551 jam
1250 1505 1521 1554 quemquam
1562 1495 1693 1550 puto,

110 1567 187 1626 qui
213 1563 299 1610 sibi
326 1571 473 1610 sumat
500 1578 600 1608 cum
629 1562 944 1623 Grossingero
988 1559 1030 1620 d)
1052 1579 1060 1607 :
1097 1561 1302 1619 Majores
1329 1566 1520 1605 nostros
1546 1556 1695 1601 malae

109 1635 157 1679 in
182 1632 362 1692 Regem
400 1631 507 1677 fidei
534 1646 733 1691 arguere
751 1665 763 1687 ,
803 1631 906 1676 dum
931 1631 1252 1691 perantiquam
1288 1627 1404 1672 adeo
1434 1629 1696 1671 consvetu-

116 1700 269 1746 dinem
306 1700 414 1758 lege
452 1698 635 1759 publica
680 1699 719 1756 e]
760 1697 813 1743 ab
841 1698 1036 1743 Alberto
1077 1695 1374 1742 corroborari
1400 1705 1697 1754 procurave-

113 1774 233 1813 runt.
273 1766 406 1821 Quod
431 1781 552 1811 nunc
578 1780 639 1812 ex
664 1765 872 1823 ejusdem
896 1765 1100 1809 Decreto
1130 1763 1324 1820 subjicio
1350 1759 1422 1818 *Q
1461 1759 1550 1805 hoe
1576 1758 1696 1803 idem

116 1835 173 1881 ad
207 1835 406 1880 litteram
439 1848 561 1894 pene
610 1832 646 1891 ἱ)
691 1832 952 1878 Uladislaus
992 1831 1080 1887 ΙΙ.ᾖ
1121 1832 1314 1890 ejusque
1356 1827 1474 1873 filius
1517 1827 1559 1883 g)
1601 1826 1696 1871 suis

115 1901 432 1949 sanctionibus
461 1902 768 1946 inseruerant.
809 1899 942 1946 Unde
967 1898 1125 1945 licebit
1159 1912 1301 1958 porro
1332 1895 1616 1949 observare7
1659 1894 1698 1937 si

112 1985 207 2017 non
245 1968 465 2015 Andreae
503 1967 611 2023 111..
649 1967 831 2012 Alberti
873 1974 1030 2023 certe,
1070 1972 1116 2010 et
1154 1964 1378 2010 Uladislai
1405 1961 1460 2006 ΙΙ.
1491 1961 1697 2015 decreta7

114 2045 324 2098 tempore
351 2035 761 2094 Inaugurationum
788 2034 909 2080 edita
929 2068 941 2091 ‚
979 2034 1185 2095 speciem
1229 2030 1596 2077 assecurationis
1624 2027 1699 2072 di-

114 2105 389 2166 plomaticae
410 2102 640 2147 indubiam
654 2102 854 2158 referre.
874 2102 1080 2147 evidenti
1097 2115 1208 2146 sane
1231 2099 1526 2153 documento.
1545 2095 1701 2156 quanti

119 2185 248 2217 suum
274 2169 478 2229 Hungari
504 2171 548 2214 in
576 2169 902 2215 constituendo
931 2168 1189 2227 Pro-Rege
1228 2169 1542 2212 interventum
1569 2177 1700 2208 sem-

119 2253 203 2299 per
254 2239 629 2294 aestiniaveri11t‚
679 2237 860 2298 quando
902 2239 1038 2282 istum
1084 2242 1294 2296 tempore
1334 2232 1701 2279 Coronationum

121 2307 217 2352 suis
243 2303 297 2350 ab
324 2303 530 2364 Regibus
559 2307 799 2366 speciatim
826 2304 913 2350 sibi
946 2305 1104 2350 caveri
1129 2302 1499 2364 postulaverunt.

148 2401 198 2454 *)
229 2400 439 2441 Articulus
473 2403 512 2442 2.
544 2402 653 2441 Anni
689 2400 811 2442 1439.
838 2401 899 2440 sic
921 2401 1067 2441 habet:
1101 2400 1306 2450 „Insuper
1336 2398 1439 2448 quod
1456 2394 1583 2447 Regia
1604 2393 1703 2433 Ma-

236 2457 391 2511 „jestas
436 2457 666 2498 Palatinum
701 2458 831 2510 Regni
867 2458 1034 2510 antiqua
1072 2456 1367 2498 consvetudinc
1404 2453 1533 2507 Regni
1569 2451 1705 2505 ipsius

165 2576 198 2615 ε)
221 2577 315 2609 Hist.
337 2579 423 2620 Reg.
450 2579 566 2622 Hung.
593 2580 627 2612 in
646 2580 726 2613 Not.
748 2589 871 2622 praev.
894 2590 926 2623 p.
944 2581 1001 2615 26.

164 2623 200 2659 b)
221 2624 275 2655 Ex
294 2624 446 2666 Authog.
469 2635 532 2667 per
550 2627 591 2659 ct.
611 2628 704 2668 Pray
726 2637 904 2660 commun.

165 2671 197 2708 c)
226 2670 279 2701 Ex
302 2671 456 2710 Anthog.
479 2673 522 2704 de
547 2675 584 2705 Α.
610 2673 710 2707 1343.

167 2714 201 2752 d)
227 2717 263 2747 Ιιι
284 2716 372 2748 Jure
396 2717 488 2758 publ.
510 2718 626 2761 Hung.
646 2721 683 2754 C.
705 2721 738 2754 2.
761 2719 790 2762 ἓ.
814 2721 845 2753 5.

167 2764 197 2798 ο)
226 2760 326 2794 1439.
344 2764 377 2794 2.
771 2759 775 2760 ⁷

169 2805 204 2848 f)
234 2806 333 2840 1492.
360 2807 413 2840 33.

170 2856 204 2897 g)
232 2854 334 2890 1526.
358 2855 392 2889 2.
