1941 3143
221 113 311 158 144

216 225 484 288 Leopoldus
499 225 628 272 Bona
646 224 977 281 Ecclesiarum,
1005 242 1123 288 quae
1148 227 1420 274 victricibus
1449 230 1587 274 armis
1604 228 1809 276 vindica-

215 302 367 349 verat,
408 295 569 340 iisdem
605 309 693 339 una
731 309 831 339 cum
869 294 1059 339 decimis
1101 297 1401 353 restituisset,
1452 295 1604 355 Regni
1636 297 1811 344 Primas

215 360 520 408 Kolonichius
547 364 756 407 universi
800 360 925 407 Cleri
966 364 1150 408 nomine
1190 363 1391 409 decimas
1421 363 1700 410 decimarum
1727 380 1811 410 as-

215 432 388 476 sertori
423 429 586 475 obtulit
614 427 687 486 ⁴⁶),
728 428 926 489 indeque
966 429 1217 476 subsidium
1257 431 1367 477 illud
1403 431 1561 476 decem
1601 447 1810 493 procen-

216 498 355 553 tuale,
382 499 447 542 uti
487 499 792 541 communiter
830 496 957 556 loqui
999 498 1221 545 solemuS.
1261 500 1306 543 in
1346 498 1567 544 fortalitia
1601 514 1811 545 conver-

215 563 400 609 tendum
440 571 623 608 enatum
665 577 774 608 esse
812 563 1012 609 videtur.
1067 564 1200 620 Quod
1240 565 1515 626 aliquamdiu
1572 574 1812 628 tempora-

214 646 380 688 neum,
432 639 478 676 et
519 630 575 675 ad
615 633 977 690 qulnquennium
1028 633 1317 679 solummodo
1364 633 1704 691 desideratum,
1756 634 1810 679 ab

216 699 356 744 Anno
403 699 545 744 1773.
588 700 853 743 continuum
890 701 1057 745 evasit.

270 810 321 864 ἤ)
354 810 592 861 Acceptavit
624 810 724 849 hanc
756 810 1003 850 oblationem
1039 811 1194 851 Caesar
1219 813 1350 850 medio
1378 812 1583 861 Rescripti
1611 813 1650 851 9.
1677 814 1807 863 Apri-

331 868 382 906 lis
420 868 541 907 1701.
576 868 759 918 sequenti
795 870 1139 907 tenore-redditi:
1184 869 1314 915 „Tam
1348 869 1386 905 in
1425 867 1641 918 aliqualem
1674 870 1810 921 grati-

328 925 513 970 „tudinis
547 937 644 962 suae
679 923 846 975 (Cleri)
871 926 1224 973 contestationem,
1258 931 1295 961 et
1321 924 1381 962 sic
1403 924 1499 962 dicti
1525 924 1644 963 Juris
1668 938 1810 963 armo-

328 994 448 1030 ,‚rum
474 981 685 1019 immensis
711 979 834 1033 hujus
869 981 962 1019 belli
995 981 1181 1019 diuturni
1214 980 1419 1020 sumtibus
1448 993 1493 1019 ac
1517 981 1811 1032 copiosissima

329 1039 573 1090 „sangvinis
608 1037 849 1088 profusione
882 1038 1053 1087 aquisiti
1085 1037 1421 1088 recognitionem,
1455 1050 1572 1088 quam
1607 1037 1646 1076 in
1679 1038 1810 1076 vicem

329 1094 587 1145 „praehabiti
617 1093 756 1131 oneris
773 1093 1067 1132 Banderiorum
1088 1093 1344 1142 militarium,
1377 1094 1545 1133 antehac
1577 1094 1812 1145 ingentibus

330 1151 472 1199 „Cleri
507 1149 721 1201 hungarici
744 1150 934 1200 expensis
957 1152 1005 1189 ad
1027 1151 1373 1190 Insurrectionem
1397 1153 1539 1190 centra
1559 1163 1812 1190 communem

329 1207 686 1258 „Christianitatis
705 1206 862 1246 hostem
877 1207 1139 1255 usitatorum,
1153 1220 1258 1246 nunc
1268 1220 1364 1246 vero
1379 1208 1541 1258 penitus
1555 1207 1811 1247 sublatorum

330 1264 541 1314 „oblatum
571 1264 687 1314 quasi
711 1262 877 1316 lytrum‚
910 1265 1089 1304 decimas
1105 1278 1247 1315 nempe
1270 1264 1515 1303 decimarum
1531 1263 1812 1317 cujuscunque

331 1321 696 1370 ,‚frumentt1³itici‚
729 1320 910 1372 silignis,
933 1321 1092 1371 hordei,
1116 1328 1154 1361 et
1185 1333 1351 1367 avenae,
1371 1328 1409 1359 et
1441 1322 1604 1372 quidem
1637 1322 1686 1360 ab
1718 1334 1811 1360 om—

329 1379 495 1428 „nibus‚
519 1384 557 1417 et
575 1377 754 1430 singulis
787 1378 829 1417 in
849 1384 934 1417 toto
950 1379 1089 1431 Regno
1116 1377 1387 1418 existentibus
1405 1377 1516 1418 Cleri
1532 1379 1741 1426 membris,
1763 1391 1810 1417 eo

333 1437 466 1487 „quod
484 1448 564 1475 non
589 1436 725 1476 minus
741 1447 894 1484 omnes,
927 1441 965 1474 et
992 1435 1146 1488 singuli
1169 1435 1404 1484 securitate,
1435 1434 1813 1486 tranquillitateque

331 1493 491 1545 „Regni
528 1493 714 1544 publica,
756 1492 955 1543 gloriosis
997 1493 1125 1531 armis
1157 1491 1314 1530 nostris
1348 1492 1550 1536 stabilita,
1593 1493 1811 1543 gaudeant,

332 1550 552 1600 „quamdiu
605 1549 829 1589 necessitas
874 1548 1096 1597 fortalitia,
1153 1554 1191 1587 et
1233 1548 1383 1587 milites
1424 1549 1698 1588 intertenendi
1738 1562 1812 1587 ex-

331 1612 501 1658 „poscet
534 1607 678 1657 (salva
712 1611 845 1644 tamen
879 1606 1025 1645 abinde
1057 1606 1174 1657 prius
1208 1606 1440 1656 separanda
1471 1612 1666 1644 consveta
1689 1606 1813 1644 sede—

337 1664 498 1713 „cima,
543 1677 617 1715 pro
664 1662 942 1702 Paroehorum
992 1663 1279 1702 intertentione
1326 1662 1546 1713 deputata)
1605 1663 1813 1702 annuatim

328 1723 726 1771 „praestandarum,
777 1720 1079 1771 acceptavimus
1120 1720 1245 1767 aden,
1291 1725 1336 1758 ut
1393 1719 1443 1757 ab
1475 1718 1549 1757 hac
1580 1719 1811 1759 universali

331 1790 582 1828 „granorum
626 1777 884 1818 decimalium
928 1777 1107 1816 decimae
1150 1776 1285 1828 partis
1329 1775 1583 1815 subsidiaria
1616 1782 1811 1828 praesta-

333 1835 471 1885 „tione
505 1835 646 1876 nullus
680 1833 845 1875 omnino
879 1834 934 1873 sit
965 1834 1250 1873 eximendus.“
1282 1839 1356 1873 etc.

911 1992 958 2046 §.
1000 1992 1111 2036 564.

575 2107 652 2149 De
693 2106 1030 2150 Conventione
1064 2101 1456 2149 A'olom'clziana.

355 2234 562 2281 Eundem
602 2236 647 2279 in
688 2247 905 2296 scopum,
939 2231 1021 2278 sub
1052 2231 1309 2291 eodemque
1346 2230 1633 2292 Imperatore
1672 2228 1811 2274 Anno

226 2305 367 2352 1702.
398 2302 662 2349 Conventio
703 2301 945 2347 Primatis.
1003 2301 1074 2343 cui
1115 2299 1168 2344 ah
1213 2304 1405 2343 auctore
1446 2294 1811 2342 Kolonichianae

219 2386 407 2427 nomen,
447 2384 548 2416 cum
575 2367 768 2416 Camera
795 2368 943 2427 Regia
977 2368 1115 2423 inita,
1166 2373 1210 2411 et
1247 2364 1540 2426 postmodum
1585 2365 1812 2424 proviso-

220 2443 290 2485 rie
316 2440 469 2499 legem
508 2440 722 2496 ingressa
764 2437 832 2494 ὃ),
872 2435 1008 2480 Fisco
1036 2436 1167 2493 regio
1195 2440 1340 2478 ratam
1368 2433 1549 2477 tertiam
1590 2429 1812 2476 substan-

219 2509 312 2553 tiae
339 2506 512 2551 addixit
549 2503 870 2550 decedentium
905 2501 1240 2554 Praelatorum,
1281 2502 1357 2560 qui
1401 2499 1522 2544 bona
1550 2512 1632 2544 sua
1659 2512 1684 2543 e
1710 2511 1813 2542 ma·-

220 2574 356 2622 nihus
394 2571 619 2618 Gamerae
661 2573 839 2633 Regiae
873 2571 1131 2630 recipiunt,
1171 2570 1259 2614 nisi
1301 2567 1399 2613 fors
1439 2565 1628 2612 obtenta
1667 2579 1812 2627 prae-

220 2645 299 2690 vie
337 2638 535 2688 testandi
571 2638 821 2688 facultate.
860 2639 1030 2685 ultimis
1058 2637 1312 2683 voluntatis
1350 2634 1515 2680 tabulis
1557 2632 1612 2677 de
1649 2631 1810 2678 eadem

224 2709 584 2771 disposuissent.

264 2881 296 2910 ὃ)
325 2881 424 2910 1715.
456 2880 511 2915 16.
