1941 3143
210 25 310 72 250

209 136 428 182 Maneant
465 140 617 178 tamen
657 132 911 178 nominatio
953 132 1297 189 Praelatorum,
1351 133 1502 192 Regni
1550 133 1798 189 Baronum,

208 203 484 260 nobilitatis,
522 201 773 255 titulorum,
815 199 1024 244 ordinum
1064 200 1268 254 collatio,
1309 207 1353 246 et
1393 201 1475 245 Jus
1512 201 1799 260 adgratiandi

206 271 369 330 regiae
420 268 647 315 decisioni
698 273 957 313 reservata.
1012 267 1065 313 II.
1120 267 1331 313 Mandata
1385 271 1487 314 sive
1536 270 1798 317 immediate

206 339 365 397 regia,
405 350 489 383 seu
527 338 661 395 regio
700 336 887 380 nomine
924 335 1183 395 vulganda,
1222 342 1269 380 ut
1297 336 1501 395 legitima
1539 338 1655 394 sint,
1696 340 1798 384 sine

206 405 472 450 discrimine
513 417 698 464 semper
736 401 1079 463 subscriptione
1121 402 1327 462 indigent
1365 405 1500 449 unius
1535 403 1590 448 de
1617 407 1796 464 gremio

205 472 538 518 Ministrorum.
578 470 655 516 Ill.
695 469 785 515 Vel
823 472 957 515 istam
994 472 1133 530 igitur
1160 468 1218 514 ob
1245 485 1428 516 causam
1456 475 1795 533 praescriptum

204 541 413 595 invenio,
452 538 691 599 quemdam
718 537 930 585 illorum
971 538 1172 583 additis
1161 553 1205 582 in
1234 537 1508 596 adjutorium
1537 538 1655 585 binis
1682 541 1796 586 Sta-

204 613 278 653 tus
323 606 648 660 Consiliariis,
702 607 922 650 continuo
974 605 1093 666 Regi
1135 619 1291 650 coram
1346 606 1513 651 adesse
1570 614 1793 668 oportere

202 674 282 720 IV.
323 674 518 720 Constet
556 673 863 719 Ministerium
902 673 1151 721 Praeside,
1203 678 1248 717 et
1288 673 1619 719 Commembris
1666 682 1792 731 octo,

203 743 408 801 negotiis
435 740 587 800 Regni
614 742 828 798 interniS,
869 748 914 786 et
952 755 1053 786 cum
1089 741 1281 800 reliquis
1308 741 1608 787 Monarcliiae
1636 742 1794 788 Ditio-

201 808 336 854 nibus
363 812 409 854 in
434 823 559 854 nexu
585 811 770 870 positiS,
807 811 876 853 rei
902 811 1009 854 item
1042 808 1299 863 aerarialis,
1338 809 1611 865 financialis,
1651 809 1793 855 belli-

203 891 305 933 cae,
333 878 689 933 commercialiS,
716 878 771 921 iis
799 883 1064 937 praeterea,
1092 890 1209 936 quae
1232 876 1287 920 ad
1312 876 1558 933 Justitiam,
1585 879 1793 935 gratias-

203 957 292 1004 que
318 943 603 1003 largiendas,
643 958 761 1004 quae
800 944 982 988 tandem
1011 943 1066 989 ad
1106 942 1301 999 cultum,
1343 950 1387 987 et
1412 943 1682 988 litterariam
1710 945 1793 989 in-

201 1013 491 1057 stitutionem
517 1011 786 1057 referuntur
813 1010 1085 1069 dirigendis,
1127 1024 1180 1054 ac
1210 1010 1529 1071 procurandis.
1557 1011 1614 1056 V.
1643 1011 1794 1057 Prae-

200 1078 346 1124 sidem
373 1078 620 1124 Ministerii
655 1078 835 1138 Regiae
874 1078 1133 1137 Majestati,
1175 1084 1307 1124 extra
1341 1079 1553 1138 Regnum
1579 1092 1792 1124 commo-

199 1147 336 1203 ranti,
374 1146 637 1203 Palatinus,
685 1145 926 1191 Ministros
965 1146 1173 1207 reliquos
1208 1145 1408 1192 Praeses
1449 1145 1790 1192 confirmandos

196 1220 447 1274 proponat,
485 1214 629 1271 Idem,
668 1220 866 1274 utroque
906 1214 1116 1260 Priorum
1154 1213 1364 1271 absente,
1405 1213 1617 1273 Collegio
1644 1228 1790 1276 prae-

197 1280 363 1340 sideat,
402 1281 527 1343 quod
554 1281 632 1328 ille
658 1295 744 1343 pro
772 1282 956 1329 ratione
984 1281 1271 1343 agendorum
1303 1280 1596 1329 convocabit.

887 1419 934 1474 ὅ.
976 1420 1085 1466 757.

679 1517 1028 1576 Responsz‘onz'
1061 1517 1299 1564 obnoxio.

327 1614 635 1662 Ministeriale
664 1613 952 1675 Collegium,
983 1614 1136 1676 quoad
1163 1630 1234 1673 ea,
1274 1630 1391 1676 quae
1419 1615 1786 1663 administratio-

196 1684 266 1731 nis
295 1683 381 1730 sibi
409 1683 614 1730 creditae
642 1681 886 1743 sphaeram
927 1685 1225 1742 contingunt,
1273 1685 1574 1746 responsioni
1619 1683 1786 1742 subje-

197 1758 344 1810 ctum,
381 1767 472 1798 una
498 1764 583 1812 per
608 1750 762 1810 legem
790 1751 1124 1811 obstringitur,
1163 1750 1340 1798 reditus
1367 1752 1608 1814 publicOS,
1645 1751 1786 1798 inde-

196 1832 285 1880 que
324 1817 664 1882 supportandas
706 1823 1012 1880 erogationes
1056 1817 1242 1865 diaetali
1283 1821 1470 1881 corpori
1509 1834 1660 1866 annue
1699 1834 1785 1866 re-

195 1893 453 1933 monstrare
471 1921 483 1945 ,
524 1892 571 1932 et
597 1886 653 1931 de
678 1884 779 1945 his,
809 1901 1030 1947 quorsum
1057 1889 1305 1933 conversis
1323 1922 1335 1945 ,
1373 1889 1667 1933 ratiocinium
1692 1886 1784 1934 fine

194 1954 445 2001 revisionis
474 1952 713 2000 exhibere.
753 1954 971 2010 Adhaec,
1011 1953 1114 1998 dum
1150 1954 1371 1999 alterutra
1408 1955 1596 2000 duarum
1622 1953 1783 1999 Tabu-

194 2020 341 2066 larum
366 2022 705 2082 postulaverit,
746 2036 841 2067 non
868 2028 1042 2066 tantum
1070 2020 1126 2066 ad
1151 2021 1457 2081 praestandas
1485 2020 1783 2067 dilucidatio-

192 2102 279 2134 nes
321 2087 604 2148 Congressui
643 2102 871 2149 praesens
914 2087 1114 2145 adesse,
1155 2088 1238 2133 sed
1279 2096 1379 2135 acta
1421 2103 1605 2149 quoque
1642 2087 1781 2134 officii

194 2155 552 2201 subministrare.
593 2155 691 2201 Erit
728 2171 845 2202 vero
890 2155 1136 2213 Minister,
1173 2155 1252 2201 vel
1288 2158 1436 2217 ipsum
1461 2158 1507 2201 in
1535 2155 1781 2216 complexu

195 2221 456 2283 Collegium
479 2226 522 2269 iu
550 2225 873 2284 quaestionem
914 2223 1177 2269 vocandum
1217 2222 1275 2268 ob
1311 2224 1486 2270 laesam
1522 2224 1675 2284 Regni
1701 2224 1780 2269 in-

192 2293 492 2350 tegritatem,
529 2291 584 2337 ob
622 2290 845 2337 violatam
888 2290 1245 2337 Constitutionis
1268 2325 1279 2347 ,
1318 2291 1505 2352 legum,
1544 2291 1622 2337 vel
1660 2304 1781 2351 pro-

193 2360 408 2419 prietatis
448 2360 819 2417 sanctimoniam,
859 2358 916 2405 ob
942 2358 1120 2403 reditus
1147 2357 1389 2419 publicos,
1425 2359 1641 2419 bonaque
1677 2364 1779 2403 sta-

189 2431 264 2470 tus
290 2424 608 2487 pessumdata,
647 2434 724 2474 aut
767 2429 942 2474 vetitos
981 2427 1029 2471 in
1055 2425 1172 2471 fines
1213 2440 1335 2472 conv
1340 2440 1475 2482 ersa;
1514 2427 1553 2472 si
1580 2425 1778 2485 denique

189 2492 384 2554 culpose
410 2492 489 2540 vel
528 2493 676 2553 legum
705 2495 917 2542 effectum
955 2508 1214 2555 procurare
1242 2494 1483 2554 negligat,
1520 2492 1599 2539 vel
1640 2499 1779 2537 ante-

185 2567 378 2606 vertere
406 2562 687 2610 intermittat
718 2578 836 2624 quae
866 2562 922 2608 ad
947 2560 1334 2607 manutenendam
1364 2562 1658 2607 securitatem
1686 2574 1779 2621 pu-

187 2626 356 2673 blicam
392 2642 536 2688 agere
572 2634 770 2676 muneris
811 2633 910 2687 sui,
951 2628 1345 2691 obligationisque
1386 2628 1616 2685 fuissent3
1656 2626 1778 2674 Casu

191 2695 330 2742 simili
357 2698 608 2742 eveniente
626 2731 639 2753 ,
677 2700 905 2744 actionem
934 2696 1162 2743 adversus
1199 2704 1442 2756 gravatum
1470 2697 1778 2742 determinare

184 2762 424 2809 incumbet
463 2762 667 2809 Tabulae
707 2766 942 2813 inferiori:
985 2765 1229 2828 Superiori
1263 2764 1452 2814 Judices
1489 2779 1550 2811 ex
1581 2764 1774 2828 proprio
