1941 3143
1574 102 1668 149 125

203 216 284 255 isto
316 214 514 263 Libet-as,
544 227 590 253 ac
631 214 782 266 Regias
820 213 1020 254 Civitates
1063 224 1288 262 usas-esse
1316 210 1381 263 ⁸),
1412 212 1461 250 de
1498 225 1576 262 quo
1608 216 1671 251 est

203 279 356 319 tamen,
389 284 461 310 cur
484 271 692 322 ambigas,
723 270 964 321 praesertim
993 268 1030 307 si
1059 267 1266 319 antiquior
1297 267 1480 306 evocatio
1505 267 1671 307 Civita-

205 328 258 367 tis
285 327 555 366 Posoniensis
593 328 642 365 ad
668 327 799 378 Regni
826 327 999 365 diaetam
1028 324 1191 363 veritati
1224 323 1430 363 innititur.
1464 323 1509 361 Id
1538 328 1671 361 tamen

204 390 356 423 certum
386 390 470 429 est,
502 384 550 422 ab
587 389 715 422 aetate
744 381 999 436 Sigismundi
1028 380 1229 420 Civitates
1249 380 1399 444 Regias
1429 379 1469 418 in
1494 379 1671 430 publicis

204 439 576 479 consultationibus
610 452 794 490 semper,
827 446 865 478 et
903 438 1121 489 aliquando
1156 450 1237 476 non
1276 435 1482 475 minimam
1517 440 1672 486 partem

204 496 413 535 habuisse.

778 599 825 653 ξ.
870 599 978 645 161.

194 697 411 752 Quorum
450 698 666 741 omnium
701 708 814 748 mm,
858 694 1126 753 eademque
1164 704 1273 740 erat
1306 691 1571 740 Nobilitas.

224 792 324 838 Etsi
370 806 486 838 vero
540 798 630 837 tam
681 789 1148 846 Ecclesiasticorum,
1212 805 1345 850 quam
1398 788 1674 835 secularium

92 861 340 905 Procerum
357 857 514 904 Ordini
540 864 756 917 quantum
769 882 836 889 —-
849 864 898 902 ut
913 855 1281 901 cumVerboczio
1299 856 1464 915 loquar
1484 852 1528 911 ¹³)
1541 880 1608 886 —
1621 853 1676 898 ad

95 926 326 985 dignitatis
366 926 699 985 praelationem
739 923 956 984 proedria
996 921 1220 983 quaedam
1253 937 1314 968 ex
1344 923 1448 982 ipso
1479 919 1673 966 Consti-

95 994 284 1037 tutionis
311 993 473 1051 spiritu
502 990 782 1051 profluxisse
809 992 973 1048 negari
996 1004 1091 1034 non
1117 991 1284 1049 possit,
1314 988 1436 1034 omni
1460 985 1674 1047 profecto

97 1065 248 1102 aetate
278 1059 502 1116 religiose
529 1056 794 1112 observata,
832 1055 944 1101 nihil
970 1063 1123 1100 tamen
1145 1056 1264 1111 juris
1290 1060 1543 1116 propterea
1572 1051 1677 1097 No-

95 1123 250 1167 bilium
277 1123 400 1168 Ordo
429 1124 545 1167 alter
572 1137 683 1182 prae
712 1124 858 1167 altero
883 1121 1097 1177 habehat,
1136 1120 1312 1182 suisque
1338 1120 1391 1178 ᾗ)
1422 1121 1675 1165 communis

97 1191 311 1240 omnium,
340 1196 476 1247 atque
514 1203 622 1232 una
650 1188 971 1248 eademque
998 1187 1333 1242 Nobilitas,
1372 1201 1461 1247 quo
1491 1188 1678 1230 nomine

95 1257 342 1299 universos
358 1254 616 1305 Praelatos,
632 1254 858 1310 Barones,
875 1254 1118 1313 Magnales
1135 1259 1180 1298 et
1196 1254 1389 1299 Nobiles
1419 1253 1675 1310 cujuscun-

95 1335 184 1380 que
211 1321 301 1365 sint
334 1319 542 1375 honoris,
572 1318 825 1378 dignitatis,
854 1327 900 1365 et
928 1327 1075 1366 status
1110 1322 1156 1364 in
1181 1320 1415 1379 Hungaria
1439 1319 1520 1364 lex
1544 1332 1678 1363 com-

94 1387 311 1447 plectitur
353 1386 410 1443 ο).

149 1482 199 1535 ²³¹²)
232 1481 298 1520 Sic
327 1493 412 1521 rem
445 1480 581 1520 fusius
614 1479 786 1531 explicat
809 1478 1038 1520 Verbbczi:
1072 1479 1300 1530 „Quamvis
1323 1492 1524 1531 personae
1544 1479 1677 1530 spiri-

209 1536 370 1586 „tuales
404 1536 600 1588 (quarum
632 1538 764 1576 medio
796 1537 969 1576 salutem
1001 1537 1217 1576 humanam
1249 1537 1477 1584 Dominus,
1509 1542 1548 1575 et
1579 1536 1677 1575 Sal-

205 1600 356 1644 „vator
375 1600 518 1633 noster
539 1594 822 1633 administrari
841 1593 993 1646 voluit)
1012 1594 1210 1633 Pei-sonis
1230 1593 1487 1632 secularibus
1508 1593 1678 1644 dignio-

206 1663 304 1700 „res
327 1650 566 1699 habeantur,
597 1656 730 1689 tamen
763 1663 904 1690 omnes
927 1650 1094 1689 Domini
1118 1650 1311 1698 Praelati,
1343 1656 1381 1688 et
1400 1649 1677 1688 Ecclesiarum

210 1707 458 1755 ,‚Rectores,
489 1719 534 1746 ac
564 1706 769 1754 Ramnes,
811 1713 849 1745 et
880 1707 1030 1745 caeteri
1059 1706 1300 1758 Magnates,
1342 1713 1462 1756 atque
1491 1705 1678 1751 Nobiles,

209 1768 276 1812 „et
305 1762 502 1801 Proceres
533 1762 663 1814 Regni
703 1761 827 1815 hujus
868 1762 1106 1812 Hungariae
1147 1762 1305 1801 ratione
1344 1761 1608 1810 Nobilitatis,
1640 1766 1679 1799 et

210 1820 441 1867 „bonorum
473 1819 759 1869 temporalium
792 1831 884 1867 una,
917 1820 1134 1868 eademque
1166 1818 1390 1866 libertatis,
1422 1817 1677 1865 exemtionis,

211 1882 278 1924 ,‚et
309 1875 578 1914 immunitatis
610 1876 895 1925 praerogativa
919 1876 1116 1924 gaudent3
1148 1886 1221 1913 nec
1250 1875 1400 1913 habent
1429 1873 1676 1912 Domino-

212 1944 347 1981 „rum
378 1931 528 1981 aliquis
562 1931 677 1980 plus,
709 1943 780 1969 nec
811 1930 1029 1970 Nobilis
1063 1931 1267 1981 quispiam
1299 1930 1433 1969 minus
1465 1930 1513 1968 de
1543 1929 1675 1968 liber-

211 1994 343 2037 „tatet
386 1987 478 2026 hinc
509 1987 629 2025 etiam
670 2000 751 2026 una
790 1987 1008 2037 eademque
1050 1987 1160 2038 lege,
1203 1992 1241 2025 et
1281 1985 1599 2034 consvetudine‚
1629 1998 1674 2024 ac

210 2056 335 2092 ‚‚uno,
366 2049 404 2082 et
434 2044 574 2082 eodem
600 2042 783 2096 juridico
815 2055 1013 2094 processu
1044 2042 1083 2081 in
1112 2042 1291 2082 Judiciis
1316 2048 1486 2082 utuntur
1509 2044 1612 2083 etc.“
1633 2039 1676 2093 d)

209 2099 300 2138 Hoc
329 2099 456 2151 igitur
486 2112 574 2138 cum
606 2105 939 2150 temperamento,
971 2105 1090 2150 atque
1120 2098 1329 2138 intellectu
1360 2098 1548 2137 sumendi
1583 2104 1680 2138 sunt

212 2156 297 2202 illi,
343 2155 411 2205 qui
454 2155 585 2207 legum
626 2168 938 2195 numerosarum
963 2156 1029 2208 ⁶),
1072 2155 1374 2194 distinctionem
1406 2155 1510 2194 hanc
1540 2160 1679 2205 aperte

212 2211 540 2259 enunciantium,
587 2212 773 2264 vestigiis
814 2212 968 2259 innixi,
1012 2211 1276 2250 Nobilitatem
1319 2211 1583 2263 hungaricam
1625 2211 1676 2249 in

215 2267 573 2317 superiorem,
605 2281 799 2319 quorsum
830 2281 974 2318 nempe
1004 2267 1231 2316 praelatos,
1262 2268 1393 2320 Regni
1423 2268 1519 2306 item
1542 2267 1676 2306 Baro-

213 2335 307 2370 nes,
348 2329 465 2373 atque
494 2324 708 2377 Magnates
749 2331 986 2373 accensent3
1029 2330 1067 2363 et
1098 2324 1423 2363 inferiorem
1456 2323 1676 2375 aliquando

214 2379 336 2418 etiam
365 2378 678 2431 Equestrem
711 2380 964 2420 Ordinem
996 2380 1292 2431 compellatam,
1323 2379 1573 2433 partiuntur.

199 2551 238 2582 ln
256 2550 412 2583 Dissert.
437 2551 480 2584 de
499 2552 626 2585 Comit.
651 2553 689 2585 C.
711 2554 737 2586 1.
756 2550 787 2593 ξ
808 2551 861 2585 12.
883 2550 918 2583 in
940 2551 1020 2585 Not.

261 2599 439 2676 1:23}
465 2662 508 2667 —
536 2643 635 2675 1715.
662 2643 692 2675 8.

266 2690 321 2720 130
350 2693 388 2720 tt.
409 2690 442 2720 2.

268 2735 389 2776 Steph.
421 2733 865 2768 Dec.Lib1-.1.c.3.et
899 2733 935 2766 4.
957 2730 1174 2764 ——1,.2..C
1197 2735 1253 2768 21
1283 2734 1473 2766 -der
1496 2731 1595 2765 1435.
1620 2731 1676 2765 20.

276 2780 531 2814 1542.16.—
558 2782 596 2812 lt.
613 2781 647 2812 iu
668 2781 875 2813 Kovacliich
899 2778 1182 2813 Vest.(:0n1.¹1¹.
1203 2778 1232 2814 Ι
1265 2794 1303 2800 -
1328 2782 1415 2812 Dec.
1439 2780 1483 2812 de
1505 2780 1556 2811 ΑΟ
1580 2778 1675 2810 1459.

203 2596 240 2628 Ρ.

200 2643 238 2675 P.

207 2689 244 2721 P.

204 2735 240 2767 S.

204 2799 319 2862 {32
345 2830 381 2861 et
405 2826 461 2861 43.
489 2840 532 2848 ·-
558 2827 638 2860 Vid.
664 2832 700 2862 et
723 2826 847 2861 Kollar
871 2827 908 2861 in
932 2827 1082 2859 Amoen.
1109 2822 1192 2862 Vol.
1218 2829 1254 2863 2.
1280 2831 1317 2860 et
1340 2826 1431 2859 alibi.
