1941 3143
185 108 251 156 70

187 216 529 281 compellantur
566 220 819 277 propterea
855 213 1008 274 Regni
1046 213 1293 266 haeredes,
1334 214 1456 277 quod
1484 213 1657 273 ambas„
1693 230 1787 263 ve-

185 287 253 332 lut
291 286 491 346 Regum„
531 282 735 328 mascula
764 281 900 342 prole
939 284 1211 340 carentium,
1252 281 1368 329 filias
1393 280 1579 329 Corona
1612 297 1789 329 secun-

187 354 292 400 dum
328 351 729 415 praeexistentem
778 350 1036 410 quampiam
1091 364 1297 396 normam
1352 353 1615 412 respiceret
1653 352 1788 410 (60).

186 422 304 467 Nam
334 423 390 478 si,
420 426 469 465 ut
499 432 597 464 rem
624 418 784 478 paucis
814 417 1071 465 absolvam„
1111 418 1355 464 foemineis
1384 417 1670 480 Principibus
1705 432 1792 464 so-

188 490 298 535 lium
341 505 364 534 a
408 488 651 533 nativitate
682 491 989 545 maternoque
1015 487 1140 532 avito
1184 489 1409 546 sanguine
1442 487 1496 532 ab
1523 487 1629 532 olim
1657 501 1792 532 com—

189 559 339 620 petiit,
373 554 1089 615 cur-quaeso—majorpars
1109 553 1450 614 Hungarorunn
1480 555 1534 599 ab
1561 554 1795 614 Andega-

194 624 420 671 vensibus
455 627 702 682 tantopere
732 620 914 678 aliena„
960 622 1065 679 jura
1112 624 1371 679 viciniora,
1427 625 1516 668 imo
1564 623 1795 684 proxima,

192 707 279 754 pro
320 698 428 737 nata
463 688 685 737 Andreae
729 687 818 734 Illii
867 690 1004 735 unica
1043 693 1254 752 nuspiam
1297 691 1557 750 allegavit?
1608 689 1704 735 Imo
1738 704 1797 735 ne

193 756 494 806 Venceslaus
522 756 724 820 quidem5
765 758 842 818 qui
879 764 1033 803 tamen
1072 758 1268 805 eandem
1302 766 1408 804 tunc
1428 758 1576 804 adhuc
1604 771 1686 803 sua
1713 771 1799 819 pro

194 842 399 890 sponsa7
450 833 552 872 utut
598 825 773 871 tardius
809 825 1077 887 repudiata,
1132 828 1318 872 omnino
1361 825 1664 886 agnoscebat.
1703 826 1799 870 Aut

195 911 395 958 quonam
424 895 547 941 facto
570 895 791 941 evenisse
823 893 1102 955 putabimus,
1134 901 1184 939 ut
1210 895 1251 938 A
1270 909 1296 938 n
1316 909 1400 950 na7
1433 896 1593 938 senior
1615 891 1797 937 Alberti

196 964 321 1021 filia.‚
373 963 633 1026 Neptisque
684 961 1133 1021 ittargaretha,
1194 960 1269 1005 illa
1311 959 1636 1005 Vilhelmo
1691 958 1798 1005 Sa-

194 1032 368 1088 xoni,
409 1031 526 1077 haec
552 1030 790 1077 Joanni
827 1027 1420 1088 Brandenburgico
1456 1033 1645 1088 nuptae,
1685 1041 1798 1072 suc-

198 1101 431 1146 cessionis
482 1100 569 1146 sibi
610 1097 728 1144 adeo
782 1095 966 1142 debitae
994 1095 1272 1144 beneficium
1312 1109 1555 1157 numquam
1592 1108 1676 1155 per
1714 1108 1798 1142 se-

197 1167 495 1229 querentur?
538 1168 580 1226 ⁰)

921 1265 971 1321 ᾖ.
1013 1265 1091 1310 71.

515 1351 667 1408 Εεῃϊε·
696 1351 960 1407 sanqm'm's
995 1359 1274 1409 respectum
1311 1360 1487 1397 lancea.

339 1432 428 1490 Qui
462 1433 518 1479 de
557 1432 720 1479 ordine
750 1433 950 1493 Regum„
990 1446 1042 1479 se
1068 1440 1226 1479 mutuo
1257 1434 1607 1494 excipientium,
1647 1448 1672 1479 e
1699 1434 1806 1480 fac-

205 1506 280 1562 tis,
321 1508 369 1548 et
391 1500 637 1548 eventibus
661 1500 744 1547 Jus
776 1503 928 1563 ipsum
955 1503 1158 1547 evictum
1187 1516 1295 1548 esse
1324 1508 1502 1564 putant,
1542 1503 1631 1562 ip'si
1665 1502 1806 1548 vide-

206 1573 315 1629 rint,
353 1569 543 1616 Pactum
581 1574 736 1615 tamen
763 1570 1015 1615 retroactis
1049 1569 1280 1627 saeculiS‚
1336 1570 1600 1630 Principum
1627 1569 1809 1616 Suces-

204 1640 328 1685 sioni
366 1638 577 1697 regulam
616 1638 963 1698 praestituens,
1013 1636 1270 1695 Majoribus
1311 1639 1519 1695 nostris‚
1559 1651 1653 1684 non
1685 1637 1809 1695 dico,

204 1708 428 1767 agnitum,
468 1711 540 1751 ast
568 1704 648 1750 vel
673 1706 928 1765 cognitum,
968 1711 1077 1766 post
1106 1720 1428 1766 quamcunque
1469 1704 1676 1754 sedulam
1715 1721 1810 1753 ve-

204 1784 355 1822 terum
368 1779 775 1821 monumentorum
795 1772 1188 1835 disquisitionem,
1215 1774 1441 1820 hactenus
1469 1788 1605 1820 nemo
1634 1774 1810 1836 depre-

205 1843 378 1890 hendit.
418 1842 638 1887 Vicissim
659 1842 812 1901 quivis
843 1841 1200 1898 animadvertet„
1240 1841 1378 1887 facile
1408 1856 1510 1887 eam
1539 1841 1629 1888 illis
1662 1841 1809 1888 fuisse

207 1911 507 1972 congenitam
537 1909 780 1968 sanguinis
806 1908 946 1968 Regii
983 1912 1318 1965 reverentiam,
1357 1916 1405 1954 ut
1436 1915 1498 1965 et,
1538 1923 1639 1953 cum
1678 1923 1808 1954 mas—

208 1979 301 2025 culi
335 1978 530 2023 deerant
565 1976 747 2036 Regiae
797 1977 954 2037 stirpis
988 1978 1188 2037 posteri7
1229 1976 1494 2022 foemineos
1532 1985 1806 2034 evocarent7

210 2055 256 2094 et
287 2047 327 2094 si
356 2046 515 2091 demas
557 2045 692 2090 unius
737 2043 940 2089 Ladislai
979 2043 1169 2090 infantis
1211 2044 1474 2106 posthumi,
1531 2043 1587 2090 ad
1627 2051 1809 2106 tempus

208 2115 476 2176 neglectum
504 2128 565 2159 ex
586 2113 783 2175 periculi
814 2111 1157 2172 magnitudine,
1198 2112 1321 2173 quod
1351 2113 1532 2158 Turcae
1565 2112 1811 2158 minaban-

210 2191 301 2243 tur„
337 2181 662 2246 repetendum,
704 2196 728 2226 a
755 2178 859 2226 filiis
891 2180 1073 2241 Regum
1102 2194 1291 2226 suorum
1313 2215 1326 2239 ‚
1367 2195 1483 2242 quos
1503 2215 1516 2238 ‚
1555 2180 1671 2227 duce
1720 2195 1811 2242 pe·-

210 2253 345 2299 renni
388 2251 584 2313 quadam
622 2247 994 2307 consuetudine„
1044 2263 1130 2310 pro
1176 2251 1316 2295 certis
1346 2250 1480 2312 quasi
1532 2248 1812 2298 haeredibus

214 2320 590 2378 considerabant„
630 2332 862 2380 nunquam
900 2317 1203 2364 recesserint.

944 2416 991 2473 ς.
1021 2417 1099 2462 72.

607 2500 858 2560 Exempla
886 2513 948 2547 ex
975 2501 1204 2548 Historia
1226 2504 1398 2560 petita.

354 2585 484 2633 Hanc
512 2585 659 2647 ipsam
686 2583 903 2647 profecto
933 2584 1317 2630 consuetudinem
1346 2584 1618 2631 electoralia
1645 2581 1822 2632 Comi-.

218 2659 300 2707 tia„
339 2655 785 2715 Conventionesque
825 2652 881 2698 de
927 2652 1113 2699 Corona
1151 2654 1322 2701 initae.
1372 2656 1462 2699 imo
1509 2653 1642 2713 leges
1679 2653 1811 2713 ipsae

220 2727 341 2772 bene
380 2724 453 2768 diu
483 2729 618 2768 antea
647 2724 853 2767 sancitae
883 2722 1179 2767 considerate
1206 2728 1538 2783 respexerunt,
1568 2734 1702 2781 quam
1728 2733 1821 2780 pu-

264 2836 298 2879 a)
325 2837 403 2916 xid.
442 2835 678 2918 pgsqioglist.
716 2837 758 2870 de
786 2837 891 2869 modo
920 2846 1018 2870 conS.
1045 2845 1174 2870 summ.
1202 2836 1287 2878 Imp.
1316 2837 1350 2868 iu
1376 2837 1500 2877 flung.
1528 2845 1546 2868 a
1574 2843 1651 2877 pag.
1676 2832 1811 2867 35-51

329 2893 415 2917 iem
446 2896 457 2917 ι
491 2900 527 2906 -
605 2908 612 2916 .
