1941 3143
1661 154 1722 201 47

145 278 486 330 temporaneam
512 268 604 313 loci
630 267 1046 327 permutationem,
1075 279 1192 326 quae
1218 266 1467 324 postremis
1496 279 1724 328 praeser-

147 339 220 383 tim
247 335 455 382 Comitiis
483 337 801 381 intervenerat
819 370 830 391 ,
871 334 1079 394 excipias
1105 359 1174 367 —
1199 336 1501 380 communiter
1539 335 1606 379 sic
1632 336 1724 379 im-

146 402 358 465 plebant;
397 409 445 447 ut
473 402 683 447 dextrum
710 401 829 448 latus
858 401 1139 447 obtinuerint
1165 399 1375 462 Capitula
1393 436 1405 457 ,
1443 400 1720 460 Praepositi,

147 478 192 516 et
215 470 419 516 Abbates
445 469 793 523 Ecclesiastiei„
833 476 1048 529 quantum
1084 468 1162 514 vel
1189 470 1417 530 separatis
1445 483 1469 513 a
1509 466 1720 528 Capitulo

144 537 293 593 bonis„
318 537 397 583 vel
428 539 464 582 si
494 539 593 582 sine
621 535 830 596 Capitulo
863 542 992 591 sunt,
1032 535 1305 582 Collationis
1331 536 1510 596 Regiae
1536 533 1721 580 benefi-

149 607 229 650 ciis
270 603 493 649 fruuntur.
544 602 752 649 Abbates
788 604 897 648 item
939 602 1123 649 Ordinis
1162 603 1598 659 Benedictiiloruin„
1639 599 1722 647 Ci-

148 672 483 728 sterciensium,
523 686 576 716 ae
601 669 1158 727 praemonstratensium3
1215 670 1466 716 secundum
1506 669 1591 715 hos
1626 666 1726 714 Co-

146 754 242 785 mes
259 737 488 784 Nobilium
516 737 674 798 Campi
693 738 980 798 Turopolym
1014 745 1150 798 atque
1177 738 1441 797 Magnatum
1469 737 1725 783 absentium

146 806 305 866 Legati
328 822 339 862 ς
389 808 435 851 in
460 804 782 852 lutei-mediam
809 818 1013 849 mensam
1029 804 1306 861 Danubiani‚
1340 804 1444 849 huie
1471 819 1495 849 a
1523 804 1722 849 sinistris

147 875 408 932 contiguam
434 873 666 918 Tibiscani
691 872 910 933 Deputati
937 868 1246 917 Comitatuum
1271 873 1437 932 primo„
1465 870 1571 915 dein
1590 869 1724 916 Civi-

146 947 315 986 tatum.
365 946 529 1001 postea
555 941 853 985 Districtuum
893 938 1339 1000 Repraesentantes.
1379 938 1536 984 Omnis
1573 944 1725 982 autem

147 1007 221 1052 hic
257 1006 370 1052 ordo
405 1008 579 1067 pariter
607 1005 932 1051 consvetudini
970 1014 1174 1064 tantum,
1213 1007 1344 1064 cujus
1380 1007 1607 1065 originem
1633 1018 1727 1049 no-

146 1073 216 1119 bis
253 1088 339 1118 nee
365 1074 515 1134 leges,
553 1087 703 1134 neque
731 1080 832 1119 acta
851 1070 1151 1119 Comitiorum
1176 1072 1393 1135 produnt,
1432 1070 1722 1119 innitebatur.

828 1208 875 1262 ξ.
916 1207 1026 1254 398.

669 1304 762 1357 Qm‘
782 1304 932 1349 modo
961 1307 1192 1350 intersint
1206 1308 1228 1350 ,ἒ

279 1414 496 1477 Populari
535 1414 766 1460 electione
800 1415 933 1472 juxta
959 1430 1193 1474 normam,
1233 1425 1280 1463 et
1314 1417 1553 1474 ordinem„
1593 1432 1726 1478 quem

141 1482 279 1546 paulo
321 1490 426 1529 ante
464 1482 704 1527 retulimus
733 1482 810 1540 (§.·
837 1483 947 1529 388.
990 1490 1036 1529 et
1075 1485 1183 1542 89.)
1223 1484 1499 1530 introducta.
1553 1485 1727 1531 Tabula

142 1551 290 1611 Regia
335 1564 420 1596 suo
457 1564 558 1595 eum
595 1549 817 1595 Praeside
857 1564 965 1610 pars
1003 1552 1244 1610 integrans
1282 1550 1583 1598 Comitiorum
1619 1566 1728 1599 esse

144 1618 280 1664 desiit
322 1618 379 1675 ¹⁸).
432 1617 749 1677 Designantur
785 1616 840 1662 ad
883 1618 1241 1680 comparendum
1281 1633 1307 1664 e
1345 1618 1549 1680 qualibet
1574 1619 1727 1680 Regni

141 1684 474 1731 Jurisdictione
501 1690 586 1740 totff
611 1690 723 1744 quot
749 1686 817 1729 eis
843 1683 1091 1743 legetenus
1119 1686 1339 1746 delegare
1367 1686 1617 1732 admittitur
1659 1687 1722 1745 ¹³),

142 1755 217 1813 qui
245 1752 490 1798 coadunati
518 1749 781 1809 Collegium
805 1750 1275 1811 Repraesentantium
1303 1753 1530 1799 efficiunt:
1574 1769 1728 1814 quan-

140 1826 233 1865 tum
259 1819 316 1865 ad
340 1821 487 1879 ipsam
512 1816 793 1877 Hungariam
821 1832 922 1863 cuin
947 1818 1153 1880 partibus
1182 1820 1376 1865 adnexis
1394 1855 1406 1877 ᾗ
1446 1823 1725 1867 tercenti

143 1894 200 1932 et
238 1886 643 1947 septuaginta
692 1891 958 1945 septemv
1010 1885 1174 1931 additis
1213 1901 1331 1933 vero
1381 1889 1728 1948 sexaginta

141 1969 170 1998 n
189 1968 214 1998 0
231 1968 262 1999 v
279 1967 305 1998 e
322 1968 364 1997 m
400 1950 720 1997 Transilvanis
737 1985 749 2008 a
788 1953 1041 1998 universim
1080 1967 1107 2013 q
1123 1968 1152 1998 u
1174 1968 1198 1998 a
1217 1954 1243 1998 d
1258 1956 1351 1999 rin
1368 1970 1398 2014 g
1413 1969 1437 2000 e
1454 1956 1542 1999 nti
1581 1969 1609 2017 q
1626 1969 1653 2000 u
1672 1970 1728 2001 a-

144 2020 434 2080 draginta
473 2032 606 2075 sex„
647 2019 722 2078 qui
762 2032 892 2064 suum
931 2019 1018 2065 sibi
1053 2018 1353 2077 Praesidem7
1394 2028 1440 2067 et
1474 2019 1610 2079 hujus
1637 2022 1727 2068 Vi-

144 2093 466 2140 cestenentesO
504 2091 554 2129 ut
589 2087 937 2144 praemiseram,
978 2086 1160 2132 sibimet
1198 2091 1311 2148 ipsis
1353 2102 1436 2134 suo
1466 2087 1521 2133 de
1549 2091 1726 2149 gremio

144 2153 320 2211 eligunt
347 2152 513 2209 (392).
552 2151 692 2198 Addit
716 2152 794 2198 lex
835 2152 1153 2199 Gommemhra
1189 2169 1280 2201 neo
1321 2157 1559 2201 constituti
1584 2156 1728 2202 Mini-

144 2221 273 2264 sterii
308 2219 489 2277 utrique
525 2217 753 2276 Tabulae,
789 2234 981 2280 quorum
1018 2221 1235 2281 suffragia
1273 2224 1318 2268 in
1355 2229 1519 2268 neutra
1557 2237 1726 2269 nume-

142 2292 332 2341 rantur3
370 2286 460 2329 nisi
498 2285 577 2330 vel
604 2286 722 2346 apud
748 2286 978 2335 Proceres
1016 2302 1099 2335 suo
1138 2303 1275 2336 secus
1301 2289 1442 2348 Jure„
1479 2290 1598 2350 apud
1623 2290 1725 2336 Re-

143 2358 498 2413 praesentantes
524 2366 606 2412 per
647 2353 926 2400 electionem
952 2370 1009 2402 eo
1036 2358 1311 2417 pertineant.
1341 2357 1515 2403 Verum
1542 2360 1581 2404 si
1607 2372 1726 2419 quae

142 2419 376 2479 proferre‚
422 2425 468 2463 et
492 2418 744 2465 informare
770 2421 918 2467 velint
968 2423 1182 2470 audiendi
1220 2431 1326 2471 sunt
1350 2458 1363 2481 7
1416 2430 1463 2470 et
1497 2425 1725 2483 vicissim,

142 2485 323 2544 quando
369 2484 414 2530 id
440 2484 494 2531 ab
520 2487 633 2547 ipsis
666 2487 951 2548 postulatur,
987 2492 1238 2551 requisitas
1283 2491 1581 2553 suppeditare
1621 2492 1724 2539 cla-

140 2551 441 2609 rificationes7
480 2567 569 2598 nec
606 2568 700 2599 non
748 2557 936 2617 scripta,
988 2556 1044 2602 ad
1092 2572 1255 2606 munus
1294 2573 1425 2606 suum
1465 2560 1722 2617 attinentia,

142 2617 347 2677 pandere
375 2618 726 2679 obstringuntur
768 2622 825 2678 ε).

179 2773 211 2813 ⁴¹)
239 2774 434 2808 1848—4.
461 2774 490 2817 §‚
519 2778 550 2809 8.

179 2831 215 2872 h)
240 2834 366 2872 Ejusd.
392 2835 431 2866 A.
492 2835 524 2866 5.
548 2831 579 2875 §.
605 2836 638 2867 5.

177 2889 207 2930 c)
235 2888 336 2924 1848.
364 2893 431 2923 art.
455 2890 488 2924 3.
516 2900 545 2924 a.
571 2888 600 2931 ἕ.
625 2891 681 2927 28.
707 2899 785 2933 usq.
811 2892 866 2926 32.
