1941 3143
174 65 272 113 202

172 175 391 237 Bulgaria
429 190 514 239 per
536 174 835 224 Comnemum
866 175 1071 224 Orientis
1098 175 1432 240 Imperatorem
1460 178 1668 237 devicta,
1707 177 1763 225 ad

175 245 388 305 Regnum
416 252 646 307 perpetuo
683 247 1007 305 commigravit
1049 246 1106 304 a).
1145 247 1431 296 Postremam
1457 251 1762 309 Praecopen-

175 327 290 369 sem,
331 319 377 358 et
402 312 675 358 Thauricam
703 312 1049 359 Chersonesum
1083 320 1217 360 antea
1249 318 1546 373 incolentem,
1595 330 1651 360 ac
1679 329 1763 376 per

176 380 398 426 Tartaros
436 382 637 440 antiquis
671 381 870 427 Sedibus
910 380 1178 442 depulsam,
1215 383 1327 430 Bela
1363 385 1440 430 IV.
1480 385 1660 444 recepit
1704 380 1760 443 b).

174 447 539 494 Memoratorum
567 449 701 493 trium
729 450 883 510 itaque
901 449 1081 509 Regum
1107 448 1383 498 liberalitate
1400 453 1599 514 plagam,
1629 463 1762 510 quam

175 515 312 560 modo
339 514 600 576 Jazygiam,
641 515 906 562 Cumaniam
932 518 1042 563 item
1067 519 1307 577 maj0rem,
1335 527 1381 566 et
1408 523 1647 575 minorem,
1676 531 1763 564 ceu

180 582 373 628 totidem
393 582 661 641 Districtus,
699 600 1032 646 nuncupamus,
1059 586 1306 635 Antenatis
1337 592 1639 650 assignatam,
1666 585 1764 632 Po-

176 652 289 697 steri
326 651 374 697 in
403 650 679 698 hodiernum
716 656 1023 700 retinuerunt.

871 799 917 855 ς.
959 799 1071 847 286.

785 914 977 960 Eorum
1011 914 1151 960 Fata.

311 1026 509 1073 Florens
550 1027 757 1084 isthaec,
809 1034 855 1072 et
903 1026 1133 1072 bellicosa
1161 1024 1506 1084 Communitas,
1557 1040 1641 1072 suo
1682 1040 1767 1088 pro

176 1093 385 1147 Comite,
439 1109 493 1139 ac
535 1094 699 1140 Judice
738 1097 934 1156 primum
981 1094 1133 1154 Regni
1172 1094 1493 1154 Magistratum
1544 1093 1598 1138 ab
1659 1093 1766 1139 olim

176 1164 370 1218 sortita,
411 1168 548 1222 atque
588 1162 750 1223 amplis
785 1162 1082 1222 Privilegiis„
1123 1169 1169 1207 et
1207 1162 1494 1207 libertatibus
1533 1174 1765 1222 persaepe

176 1231 233 1277 ad
258 1229 478 1276 invidIam
505 1243 652 1290 usque
680 1229 1015 1276 Coaccolarum
1056 1229 1251 1275 condam
1278 1229 1331 1274 ab
1373 1229 1638 1288 Hungariae
1666 1228 1768 1274 Rc-

174 1298 310 1359 gibus
353 1297 539 1343 exculta
576 1297 724 1344 fuisse
764 1299 936 1358 legitur
974 1296 1047 1355 ²¹⁹⁶),
1087 1304 1158 1343 ast
1189 1298 1283 1354 jam
1322 1297 1405 1342 sub
1442 1295 1680 1342 Uladislao
1709 1296 1766 1353 ll.

178 1367 445 1422 districtus,
486 1379 603 1426 quos
631 1365 886 1423 inhabitat,
926 1367 971 1411 in
1008 1379 1246 1413 munerum
1282 1364 1520 1410 Bonorum
1546 1362 1768 1410 Corona-

174 1435 284 1481 lium
317 1434 494 1479 relatos
532 1435 720 1494 reperio
764 1435 834 1492 ⁰),
873 1439 1154 1494 gentemque
1194 1433 1387 1478 subinde
1414 1436 1562 1494 ipsam
1599 1447 1656 1478 eo
1684 1445 1769 1477 re-

180 1502 388 1558 dactam,
441 1507 490 1545 ut
525 1501 864 1562 propemodum
899 1501 1011 1546 nihil
1052 1501 1277 1561 pristInae
1315 1501 1542 1546 libertatis
1583 1501 1769 1545 retine-

178 1577 251 1616 ret
292 1566 354 1627 ²¹),
381 1569 593 1630 pignoris
620 1569 732 1614 Jure
757 1569 999 1629 Equitibus
1024 1568 1299 1614 Theutonici
1328 1568 1512 1614 Ordinis
1541 1569 1770 1628 aliquam-

179 1638 254 1684 diu
297 1638 372 1695 c),
425 1643 591 1697 postea
631 1635 801 1682 Carolo
841 1636 918 1681 ΙΙΙ.
960 1643 1214 1695 regnante,
1253 1636 1486 1682 Pestiensi
1526 1634 1771 1681 Invalido-

176 1720 278 1751 rum
303 1703 499 1750 Militum
534 1703 688 1748 domui
726 1703 960 1761 obnoxia,
1001 1703 1216 1761 tandem,
1255 1702 1400 1749 'Maria
1440 1702 1667 1750 Theresia
1693 1700 1773 1746 sa-

177 1780 348 1829 vente,
390 1773 458 1817 sic
496 1786 547 1817 se
575 1774 739 1818 iterum
765 1773 811 1818 in
837 1771 1099 1817 libertatem
1141 1770 1428 1828 vindicavit,
1466 1778 1516 1817 ut
1542 1773 1588 1817 in
1614 1783 1765 1831 pecu-

175 1841 238 1888 lio
266 1842 440 1887 Sacrae
467 1839 621 1900 Regni
647 1840 863 1886 Coronae
893 1846 1114 1886 constans
1142 1846 1442 1901 permaneret
1491 1837 1545 1896 ¹).

234 1937 285 1991 ἤ)
318 1937 432 1977 Inter
462 1936 688 1989 Privilegia
720 1938 769 1976 de
812 1936 1100 1985 libertatibus,
1145 1941 1183 1974 et
1213 1934 1522 1986 Praerogativis
1557 1934 1771 1975 Cumano-

289 2008 381 2034 rum
413 1993 547 2032 forma
578 1993 816 2044 diplomatis
849 1993 972 2041 edita,
1005 1991 1336 2032 vetustissimum
1368 1991 1563 2031 hactenus
1595 1991 1774 2031 innotuit

292 2053 340 2091 de
371 2053 426 2091 Αο
455 2051 603 2099 1272,
635 2064 708 2102 per
739 2051 943 2102 ipsosmet
987 2062 1258 2101 possessores
1291 2048 1482 2097 Jurium,
1514 2061 1559 2088 ac
1589 2048 1772 2088 Praero-

291 2109 523 2162 gativarum
564 2121 733 2148 suarum
776 2109 816 2147 in
857 2107 1049 2147 fulcimen
1092 2119 1228 2146 coram
1263 2105 1455 2146 Comitiis
1494 2105 1604 2146 Anni
1651 2105 1772 2145 1791.

299 2166 549 2215 exhibitum,
592 2166 820 2216 Diarioque
862 2164 1146 2216 inscrtumss)‚
1193 2176 1270 2214 quo
1315 2163 1509 2202 nimirum
1551 2162 1774 2202 Ladislnus

295 2223 505 2265 Cumanus
539 2224 703 2262 eosdem
750 2235 829 2262 non
863 2223 981 2260 modo
1024 2222 1066 2260 in
1108 2220 1474 2272 possessionibuS‚
1522 2232 1545 2258 a
1576 2219 1673 2259 Bela
1701 2219 1774 2259 lv.

294 2281 550 2333 impetratis,
594 2281 665 2319 sed
712 2285 749 2319 et
792 2278 1023 2318 Palatinum
1067 2278 1106 2317 in
1141 2278 1305 2317 illorum
1353 2277 1541 2317 Judicem
1582 2277 1632 2316 ab
1675 2288 1774 2315 aevo

295 2339 562 2378 constitutum
606 2336 772 2376 novitus
818 2335 1043 2376 confirmat.
1099 2334 1211 2381 Quae
1253 2334 1355 2373 inibi
1401 2333 1532 2373 adhuc
1578 2343 1775 2373 concessa

296 2395 415 2447 lapsu
443 2394 642 2447 temporis
666 2393 946 2442 exoleverunt,
979 2406 1026 2433 ex
1051 2392 1143 2444 ipso
1166 2391 1401 2444 Diplomate
1424 2390 1556 2430 videri
1583 2396 1775 2443 possunt.

220 2558 252 2599 a)
278 2560 393 2593 Nicet.
416 2560 553 2593 Coinat.
578 2563 613 2591 et
641 2560 850 2591 Cinnamus.
874 2558 974 2591 Cous.
999 2559 1127 2592 Timon
1153 2559 1274 2602 Imago
1299 2558 1406 2602 hung.
1434 2564 1518 2590 nov.
1542 2557 1579 2591 Ρ.
1603 2557 1646 2590 11.
1665 2566 1697 2600 p.
1719 2556 1774 2590 83.

220 2608 254 2643 b)
281 2609 371 2640 Item
395 2607 523 2639 Timon
548 2607 612 2649 Op.
642 2611 675 2639 et
702 2607 766 2639 loc.
791 2614 895 2639 nunc.
923 2606 981 2639 cit.

223 2653 257 2694 e)
288 2653 389 2687 1514.
414 2655 446 2687 3.

224 2702 259 2742 d)
287 2701 389 2734 1638.
414 2701 470 2733 67.

225 2749 257 2783 e)
285 2749 388 2781 1715.
419 2745 474 2780 34.

233 2794 264 2835 s)
289 2796 391 2828 1751.
411 2794 467 2826 25.
489 2791 589 2825 Conf.
613 2793 680 2823 act.
702 2789 821 2822 Diaet.
850 2790 942 2824 Anni
970 2788 1225 2825 fisa-1791.

228 2843 263 2885 s)
291 2842 371 2876 vid.
399 2844 466 2877 act.
490 2839 607 2875 Diaet.
633 2837 748 2882 ejusd.
772 2837 876 2872 Anni.
