1941 3143
1664 40 1727 84 55

139 166 323 203 versam
373 151 475 209 ejus
528 149 783 196 doctrinam
835 148 1101 210 Scriptores
1147 147 1259 195 clari
1296 149 1494 198 nominis
1535 151 1577 210 ⁸)
1617 147 1721 196 data

141 235 284 284 opera
310 216 553 282 aliquando
580 219 854 279 prosequuti
880 222 998 264 sunt.

844 315 892 370 §.
933 315 1012 361 44.

354 402 648 459 Hunqarz‘ae
674 398 927 458 adple'cz'tels·
954 396 1338 455 coytzoscetzdae
1362 408 1492 445 seem.

270 482 571 545 Adplicemus
592 481 688 539 jam
714 480 770 526 ad
786 479 1019 527 Coronam
1034 478 1298 540 Hungariae
1325 480 1576 527 indubitata
1602 479 1720 527 haec

135 552 345 599 criteria:
384 550 656 596 Provincias
699 547 755 593 ad
793 547 983 593 eandem
1019 547 1127 593 olim
1170 549 1460 607 pertinentes
1509 548 1716 608 legitime

134 620 281 666 fuisse
316 630 593 679 possessas,
640 621 688 660 ut
739 628 764 659 e
801 616 938 675 paulo
977 613 1366 675 praecedentibus
1417 615 1616 660 dilucide
1653 642 1720 649 -—

133 691 350 748 quantum
389 683 498 730 mihi
531 681 717 730 videtur
755 708 822 714 ——
859 684 1214 743 perspeximus,
1265 683 1333 727 sic
1378 696 1463 743 per
1503 684 1720 740 injuriam

132 754 349 809 avulsas,
387 752 476 797 nisi
513 752 660 796 omnis
696 749 930 795 Historiae
969 751 1176 807 igiiarUS‚
1216 763 1300 794 seu
1337 751 1534 810 partium
1560 750 1712 796 studio

134 828 293 882 captus
321 821 532 873 exsistat,
558 830 693 862 nemo
722 830 839 862 unus
866 815 1045 862 inficias
1070 817 1222 862 iverit.
1245 816 1382 862 Anne
1409 815 1595 862 defendi
1620 832 1712 863 va-

132 886 529 934 lebitDalmatiam
554 884 795 945 postadeo
822 883 1074 944 legitimam
1101 897 1156 928 ac
1181 883 1424 929 solennem
1450 883 1714 930 abdicatio-

132 969 254 1001 nem.
283 953 429 1013 qualis
456 951 692 997 Ludovico
715 951 847 1010 Rege
875 955 919 997 in
945 950 1157 997 favorem
1182 950 1335 1010 Regni
1362 952 1432 996 sui
1446 950 1712 1010 Hungariae

133 1037 158 1066 a
195 1021 389 1066 Venetis
424 1018 546 1064 facta
584 1017 734 1062 fuerat
772 1018 920 1077 (12)‚
975 1017 1291 1063 abdicantibus
1329 1033 1413 1079 per
1454 1019 1714 1081 Principem

130 1087 442 1145 alienigenam
479 1086 792 1145 usurpationis
832 1085 999 1131 ambitu
1042 1083 1278 1131 foedatum
1316 1085 1484 1142 vendi„
1534 1101 1712 1146 perque

128 1154 235 1199 illos
263 1152 437 1211 absque
471 1153 563 1197 ulla
604 1152 706 1196 data
734 1166 873 1197 causa
912 1151 1066 1198 valide
1095 1154 1313 1214 occupari
1338 1154 1585 1213 potuisse?
1624 1154 1713 1199 Vel

128 1220 252 1266 forte
286 1218 539 1277 HedvigiS‚
578 1217 806 1277 hujusque
841 1222 1030 1264 maritus
1068 1218 1330 1264 Uladislaus
1356 1218 1567 1278 Jagello‚
1607 1221 1710 1266 dum

129 1288 229 1333 sine
268 1285 363 1331 ullo
399 1285 527 1342 justo
567 1283 884 1343 augendorum
911 1285 1065 1331 finium
1102 1287 1232 1331 titulo
1268 1286 1483 1331 Russiam
1508 1287 1710 1346 rubram,

124 1351 466 1408 Bessarabiam‚
493 1350 825 1412 Podoliamque
854 1350 1030 1398 Mariae
1047 1352 1132 1397 Imae
1156 1355 1229 1409 vi„
1257 1352 1513 1414 fraudeque
1540 1355 1706 1400 adem—

124 1428 233 1478 tam,
263 1426 308 1466 et
334 1434 359 1464 a
384 1417 680 1479 Sigismundo
706 1425 875 1480 postea
901 1420 1043 1465 toties
1069 1421 1315 1480 repetitam
1340 1424 1591 1466 restituere
1620 1422 1709 1467 de-

124 1494 397 1544 trectarunt,
431 1487 537 1545 jura
579 1484 795 1531 Coronae
835 1486 1127 1547 Hungaricae
1165 1489 1212 1533 in
1239 1487 1453 1543 ditioneS‚
1492 1490 1535 1533 ei
1563 1488 1712 1534 adhuc

125 1555 207 1601 sub
248 1555 532 1600 domesticae
570 1554 736 1615 Stirpis
779 1553 986 1613 Regibus
1025 1555 1285 1612 obnoxias,
1336 1556 1705 1602 exstInxerunt?

121 1622 211 1668 Vel
249 1622 447 1682 denique
485 1620 785 1667 barbarorum
821 1621 951 1668 furor
998 1622 1213 1683 Europae
1259 1622 1490 1667 excidium
1527 1623 1702 1670 inferre

123 1695 341 1735 aestuans
366 1703 451 1750 pro
473 1690 601 1747 justa
627 1703 767 1735 causa
793 1688 945 1736 fuerat
969 1689 1234 1749 Hungariae
1270 1695 1443 1735 tantam
1472 1690 1702 1748 jacturam

120 1756 351 1803 inferendi
368 1756 391 1802 ’ἰ

833 1854 879 1909 §.
919 1855 998 1901 45.

608 1938 743 1993 Quae
774 1938 1224 1996 praesensionibus.

252 2018 390 2067 Nullo
427 2021 563 2066 etiam
606 2019 798 2081 speciali
838 2019 963 2066 facto
1006 2021 1264 2078 evincitur,
1311 2020 1471 2082 Reges
1515 2029 1705 2070 nostros

119 2087 363 2149 aliquando
401 2089 661 2133 Provinciis
699 2090 800 2133 sive
827 2087 914 2143 his‚
943 2089 1044 2134 sive
1086 2088 1278 2149 reliquls
1305 2089 1510 2149 legitime
1536 2094 1700 2151 partis,

118 2170 172 2200 ac
207 2169 291 2216 per
328 2155 538 2212 injuriam
575 2156 758 2200 amissis
796 2156 1128 2212 renunciasse3
1168 2163 1213 2201 at
1249 2171 1365 2203 vero
1419 2160 1701 2203 contrarium

116 2237 208 2267 non
255 2224 390 2267 unius
443 2225 630 2282 generis
681 2228 810 2267 actus
863 2222 1084 2268 solennes
1134 2223 1428 2270 manifestum
1488 2224 1699 2271 reddunt.

117 2290 241 2335 Talis
279 2295 350 2334 est
387 2290 673 2349 enumeratio
710 2289 890 2334 illarum
927 2291 972 2335 in
998 2292 1130 2351 regio
1170 2291 1301 2337 titulo
1330 2294 1548 2338 continuo
1575 2294 1699 2338 visi-

113 2355 230 2401 bilis.
284 2355 385 2402 Mos
440 2359 488 2402 in
537 2356 655 2402 hanc
701 2363 909 2403 nostram
947 2364 1146 2404 aetatem
1196 2365 1407 2405 retentus
1447 2361 1698 2405 occasione

114 2422 485 2482 Inaugurationis
524 2425 797 2469 amissorum
834 2424 1104 2483 Regnorum
1152 2425 1385 2485 Insignia‚
1426 2428 1470 2471 in
1508 2427 1701 2472 totidem

115 2490 298 2536 vexillis
326 2493 594 2552 conspicua,
624 2490 891 2536 coronando
911 2492 1110 2553 Principi
1135 2493 1451 2553 praeferendi„
1477 2494 1696 2540 luculen—

116 2561 207 2599 tum
244 2558 351 2602 item
382 2558 501 2615 juris
551 2560 671 2618 regii
709 2560 981 2604 exercitium
1019 2561 1066 2604 in
1110 2561 1401 2608 nominandis
1450 2560 1697 2623 Episcopis

115 2621 171 2666 ad
196 2621 453 2670 Dioeceses
493 2625 600 2671 olim
633 2627 829 2687 partium
869 2627 1169 2685 amissarum,
1198 2629 1333 2687 juxta
1358 2643 1567 2676 normam
1592 2629 1694 2674 Re-

153 2733 184 2773 a)
212 2732 364 2767 Grotius
400 2736 443 2769 de
479 2738 559 2772 Jur.
597 2738 689 2771 Belli
722 2742 758 2772 et
792 2739 874 2772 Pac.
910 2757 952 2764 -
985 2740 1081 2774 Sam.
1117 2740 1340 2787 Puffendors,
1373 2743 1409 2778 in
1445 2743 1523 2778 Jur.
1554 2741 1634 2776 Nat.
1658 2744 1693 2776 et

219 2779 324 2815 Gent.
350 2797 396 2805 -
419 2783 542 2828 Rosig.
567 2783 688 2819 Vattel
710 2789 864 2830 uterque
889 2786 924 2819 in
949 2783 1138 2830 thtertecbt
1161 2794 1202 2823 ze.
