1941 3143
144 97 211 145 90

144 207 456 256 adnexarum.
494 209 760 254 nominatim
809 208 1075 253 Iinmunitas
1113 206 1378 256 Nobilitatis
1417 225 1441 256 a
1481 208 1735 256 Contribu—

143 277 286 321 tione.
327 275 382 320 11.
423 276 627 322 Cavetur
678 291 735 322 ne
781 290 897 321 onus
951 275 1180 336 publicum
1230 277 1371 323 fundo
1417 291 1613 337 unquam
1659 280 1736 323 in—

144 343 348 388 haereat.
380 342 456 388 111.
480 344 607 388 Vero
636 358 693 388 ne
720 343 930 401 Regnum
958 343 1013 387 ad
1042 358 1244 389 normam
1275 346 1462 391 aliarum
1493 344 1736 404 Augustae

144 411 318 456 Domus
347 411 713 467 Provinciarunu
751 426 912 456 verum
950 412 1150 471 propriis
1184 414 1431 458 institutis.
1472 426 1525 456 ac
1554 412 1736 471 legibus

143 478 442 538 gubernetur.
482 478 555 523 Ad
601 478 734 535 hujus
783 493 924 539 porro
972 480 1116 538 ipsius
1163 481 1341 525 articuli
1382 480 1737 540 dispositionem

143 546 356 607 Diploma
383 545 609 605 Leopoldi
636 545 690 589 Il.
723 548 964 607 expressis
999 545 1158 591 verbis
1186 555 1414 607 provocat
1457 549 1515 601 1Ἴ.
1544 552 1589 591 et
1618 561 1736 607 quae

144 614 322 659 demum
362 615 406 658 in
448 614 527 659 illo
560 612 707 658 adhuc
743 613 953 673 ambigua
995 613 1270 659 videbantur
1308 614 1391 672 ἦ).
1432 617 1583 659 animo
1621 628 1736 660 vere

144 688 341 741 augusto
372 680 650 727 Franciscus
693 682 798 727 Rex
838 683 1037 743 optimus
1079 684 1269 743 proprio
1312 690 1435 728 motu
1467 684 1738 738 immutavit,

144 749 265 811 quod
305 765 442 811 supra
476 751 724 808 attigimus.
767 751 900 807 (19.)

203 831 251 886 '‘)
282 831 328 871 In
361 831 573 884 prioribus
606 843 750 882 nempe
782 832 829 870 de
864 830 1142 871 coronatione
1176 831 1271 870 baec
1295 831 1558 883 legebantur:
1589 832 1737 880 „Quod

256 894 448 941 „praeter
493 889 542 928 ab
575 889 741 940 antiquo
785 889 998 927 deductam
1047 888 1481 927 haereditariam
1515 889 1738 928 Succes-

257 947 517 995 „sionem‚
581 945 1161 995 coronationemque,
1220 945 1258 982 in
1308 944 1466 995 reliquo
1517 946 1736 985 universas

257 1004 498 1049 „libertates
531 1026 584 1030 —
617 1025 669 1030 ·—·
701 1025 754 1030 ——-
788 1002 1130 1041 observabimus‘·
1164 1001 1205 1039 in
1240 1001 1384 1040 ultime
1416 1007 1559 1041 eontra
1583 1002 1738 1054 Diplo-

256 1067 362 1100 mate
394 1060 539 1099 horum
573 1059 660 1101 loco
694 1059 908 1109 sequentia
940 1058 1146 1108 reperies3
1179 1057 1328 1105 „Quod
1360 1065 1523 1110 praeter
1554 1059 1604 1099 ab
1624 1060 1737 1099 anti-

256 1130 365 1169 „quo
398 1118 610 1156 deductam
643 1114 1066 1154 haereditariam
1110 1115 1303 1166 regiam
1338 1117 1735 1156 successionem

257 1181 386 1223 „tani
422 1173 842 1213 Coronationem
875 1173 934 1211 ad
968 1177 1188 1210 mentem
1232 1173 1460 1213 articuli
1493 1172 1531 1214 3.
1568 1173 1736 1225 1791„

258 1243 435 1285 „quam
468 1229 711 1282 reliquas
744 1229 1047 1269 universas
1080 1228 1249 1282 etc.¹‘¹’)

871 1355 880 1363 .
926 1320 1033 1366 106.

462 1404 526 1450 II.
567 1404 711 1450 Risus
749 1319 1167 1461 Itza§e4(]2erat2‘0m'3
1204 1404 1407 1460 Reffl'ae.

279 1484 608 1532 Coronationis
638 1493 784 1532 aetus
803 1500 938 1546 quem
961 1511 1028 1518 —
1051 1493 1100 1531 ut
1127 1500 1150 1530 a
1179 1486 1379 1530 saeculis
1406 1486 1557 1531 locum
1581 1484 1738 1532 habuit

141 1578 208 1587 -—
236 1552 442 1610 uberius7
477 1555 553 1614 qui
581 1555 728 1610 volet,
752 1556 798 1599 in
831 1554 1001 1598 Diariis
1036 1550 1352 1600 Comitiorum„
1391 1560 1432 1598 et
1463 1556 1736 1613 provocatis

142 1621 252 1667 inibi
278 1622 582 1667 DocumentiS
613 1623 838 1677 inveniet‚
867 1621 1142 1682 compendio
1171 1620 1258 1665 huc
1282 1620 1427 1666 redit:
1461 1623 1737 1681 praestituta

143 1689 215 1734 die
258 1689 362 1734 Rex
401 1688 747 1748 inaugurandus
789 1704 813 1733 a
850 1688 1110 1734 Baronibus
1151 1687 1330 1747 Regni.
1384 1690 1515 1748 queis
1558 1688 1736 1747 regalia

142 1756 367 1803 Clenodia
399 1756 636 1802 anteferre
684 1756 837 1802 datum
868 1764 965 1813 est,
1004 1757 1146 1816 longo
1177 1756 1444 1813 Procerum,
1485 1756 1737 1802 Ordinum-

141 1839 230 1886 que
262 1826 470 1885 equestri
511 1826 694 1884 agmine
737 1823 1083 1885 praecedente,
1121 1826 1166 1868 iu
1208 1823 1456 1869 Basilicam
1496 1823 1737 1880 deductus,

138 1895 368 1954 praestito
401 1894 522 1937 inter
563 1891 738 1937 Missae
769 1892 982 1936 solennia
1012 1891 1316 1947 jurejurando
1351 1891 1407 1935 de
1444 1892 1655 1949 just-itia„
1693 1899 1741 1936 et

138 1973 255 2021 pace
296 1958 520 2015 colenda,
560 1966 697 2019 atque
740 1957 907 2003 tuenda
950 1957 1163 2002 Ecclesia
1206 1960 1400 2017 primum
1443 1973 1466 2002 a
1497 1958 1737 2012 Praesule„

140 2041 275 2073 sacra
296 2033 538 2089 operante„
566 2027 673 2071 oleo
701 2024 1146 2072 Catheeumenerum
1172 2027 1445 2084 perungitur
1474 2027 1519 2071 in
1546 2025 1737 2072 humero

143 2095 326 2151 dextro„
363 2093 578 2150 brachio,
617 2100 664 2139 et
702 2095 824 2139 inter
871 2092 1117 2153 scapulas.
1156 2099 1250 2137 tum
1284 2092 1612 2139 l‘aludamento
1645 2094 1741 2140 divi

143 2162 382 2225 Stephani,
409 2162 658 2222 gladioque
689 2161 889 2217 indutus,
918 2162 1045 2205 socia
1073 2159 1225 2219 Regni
1256 2160 1451 2206 Palatini
1485 2176 1645 2222 opera„
1684 2162 1739 2208 ab

143 2231 310 2277 eodem
342 2231 568 2276 Antistite
608 2227 794 2275 Corona
831 2230 1109 2286 incingitur.
1149 2227 1432 2290 'l'hronoque
1464 2229 1615 2290 Regio
1648 2232 1739 2276 im-

141 2301 347 2360 ponitur7
388 2313 443 2343 ae
471 2312 604 2344 saera
647 2295 840 2343 subinde
872 2295 1052 2356 Synaxi
1081 2294 1302 2340 refieitur.

839 2394 886 2449 ἓ.
934 2396 1040 2440 107.

593 2478 827 2538 Ordoque
870 2480 1290 2524 Ceremom'arum.

278 2562 405 2608 Ordo
444 2563 533 2608 iste
570 2563 971 2607 ceremoniarum.
1012 2569 1229 2622 quantum
1268 2561 1606 2608 ecclesiasticis
1631 2564 1739 2608 riti-

142 2633 227 2679 hus
254 2633 417 2692 peragi
459 2632 737 2680 consvevitw,
777 2628 895 2674 idem
924 2636 1158 2689 utcunque
1179 2631 1274 2687 Jam
1302 2644 1326 2674 a
1353 2630 1499 2690 Pipini
1526 2629 1739 2675 Franco-

144 2714 242 2744 rum
280 2699 426 2758 Regis
469 2697 752 2758 temporibus
791 2696 912 2758 apud
947 2696 1224 2743 Germaniae
1263 2698 1524 2757 Caesares,
1573 2704 1740 2759 postea

183 2811 216 2850 a)
244 2812 332 2843 Dec-
361 2811 462 2844 1791.
486 2813 517 2843 2.
542 2812 732 2843 insertum.

181 2857 216 2898 b)
243 2859 333 2892 Dec.
358 2858 460 2895 1792.
483 2861 551 2893 art.
571 2859 603 2893 2.
623 2856 656 2899 ἓ·
685 2859 715 2892 1.
