1941 3143
1606 110 1697 155 177

114 229 377 287 peratorum
419 223 464 267 in
498 220 742 268 Germania
782 226 1042 282 potestate.
1081 234 1106 264 a
1151 219 1495 267 Praefecturis.
1535 220 1698 281 quibus

115 293 272 339 Patres
298 296 563 352 praeerant,
586 288 681 336 lilii.
720 302 773 333 ac.
804 287 1033 334 haeredes
1066 301 1209 347 aegre
1237 289 1445 333 amoveri
1475 296 1688 349 possent.

117 359 311 419 indeque
353 358 577 402 Comitum
623 354 876 401 authoritas
918 358 962 400 iu
1009 354 1288 400 dominatum
1334 355 1510 400 illarum
1561 357 1696 400 etiam

117 427 475 472 Provinciarum.
514 422 676 484 quibus
707 429 868 467 autea.
909 430 952 467 ut
983 420 1283 481 Magistratus
1310 428 1577 483 praeerant.
1606 436 1698 466 ex-

117 498 366 540 cresceret.
407 490 541 548 hujus
577 491 719 535 vieini
762 489 1037 534 discriminis
1080 496 1200 534 metu
1242 491 1443 535 excitata
1475 496 1542 534 sat
1575 496 1699 533 tem-

116 561 311 623 pestive,
349 565 395 604 et
440 559 584 618 prima
626 556 963 618 quodamnodo
1014 556 1252 615 evigilavit
1287 556 1539 616 Hnngaria.
1573 557 1701 614 jam-

118 641 203 688 que
233 625 505 685 famigerato
525 624 745 669 Andreae
771 623 824 667 ll.
857 623 1059 668 Deci-eto
1089 623 1176 668 alia
1204 625 1340 669 inter.
1370 626 1501 684 queis
1522 630 1699 684 poten-

119 696 194 752 tia,
232 700 274 738 et
310 692 542 738 arbitrium
584 691 809 737 Comitum
842 689 1120 734 arctioribus
1152 691 1389 750 repagulis
1424 690 1702 736 intercludi-

119 768 189 807 tur
229 761 288 817 ⁸),
329 761 625 805 constitutum
667 757 767 803 fuit.
808 763 862 801 ut
903 758 1141 816 integri
1180 757 1554 803 Comitatus.
1594 772 1623 802 v
1641 757 1700 802 el

119 827 466 886 dignitates
505 827 559 870 in
597 824 881 886 praedia.
922 838 1027 868 seu
1066 826 1525 884 possessiones
1564 838 1703 884 per—

118 900 298 954 petuo
337 892 443 937 hau
461 892 486 937 d
525 907 547 936 c
565 906 590 937 o
611 891 712 937 nse
729 907 787 937 ra
805 898 945 936 ntur
988 889 1047 944 ι’).
1089 891 1181 936 Sub
1208 891 1465 937 wladislao
1496 890 1551 935 ΙΙ.
1584 904 1701 936 vero

120 960 235 1004 ultra
264 958 408 1004 adhuc
433 966 746 1019 praecautum.
779 958 1082 1004 Comitatuum
1109 957 1332 1004 honores.
1351 958 1473 1019 quod
1492 965 1703 1018 tempore

120 1027 198 1071 illo
225 1026 424 1086 supremi
458 1024 647 1069 Comitis
675 1026 873 1068 oll'icium
901 1023 1171 1083 designabat
1198 1024 1271 1083 ἦ).
1312 1027 1481 1070 nemiui
1512 1027 1555 1070 iu
1587 1038 1703 1085 per-

119 1097 303 1151 petuum
344 1092 532 1149 largiri.
572 1106 630 1136 ne
674 1091 920 1151 Epist-opis
966 1091 1177 1150 quidem.
1218 1095 1511 1152 quantumvis
1552 1092 1702 1136 Prae—

118 1170 337 1203 cessores
370 1172 469 1201 eam
500 1157 767 1215 dignitatem
792 1156 1078 1203 habuissent.
1108 1161 1338 1218 exeeptis,
1366 1160 1455 1204 uisi
1498 1159 1702 1204 Privile—

117 1224 240 1282 giam
274 1222 479 1283 desuper
521 1237 545 1266 a
593 1226 795 1268 sanctis.
847 1230 893 1267 et.
938 1226 1188 1284 primaevis
1234 1225 1441 1285 Regibus
1488 1225 1704 1271 valerent.

118 1288 368 1334 ostendere
409 1289 468 1345 ⁰).

173 1421 224 1475 *)
256 1419 398 1474 Hujus
420 1421 569 1460 asserti
597 1420 814 1472 vestigium
840 1421 880 1460 iu
906 1420 1028 1460 solita
1052 1421 1120 1460 illa
1144 1421 1411 1461 Decretorum
1435 1422 1706 1462 comitialium

233 1477 497 1517 conclusionne
540 1477 823 1528 ..caeterisque
872 1489 989 1528 quam
1034 1477 1225 1529 plurimis
1267 1478 1299 1517 R
1319 1492 1338 1517 e
1356 1493 1381 1531 g
1400 1491 1423 1517 u
1445 1479 1456 1517 i
1504 1491 1528 1517 u
1549 1492 1571 1517 o
1590 1485 1638 1517 st
1658 1478 1706 1516 ri

235 1534 574 1586 ..Huugariae
628 1533 930 1573 Comitatus
977 1535 1312 1576 tenentibus,
1365 1542 1408 1573 et
1456 1535 1707 1574 honores“

232 1591 448 1630 hodiedum
495 1598 698 1641 superest.
748 1590 999 1641 Amplior-em
1041 1591 1171 1630 adhuc
1211 1590 1328 1629 fidem
1382 1591 1504 1630 dietis
1553 1592 1707 1630 addunt

232 1647 421 1686 divorum
453 1647 630 1699 Regum.
664 1659 748 1684 eum
789 1647 1026 1699 dignitatem
1068 1647 1139 1685 hae
1172 1647 1351 1686 nominis
1384 1660 1472 1686 eum
1507 1649 1706 1698 designa-

232 1705 342 1744 tione
374 1703 694 1743 coul'ereutium.
738 1702 995 1752 Diplomata.
1040 1715 1212 1753 quorum
1246 1716 1396 1744 ιιιιιιιιι.
1429 1703 1653 1742 alterumve
1686 1716 1707 1742 e.

233 1760 424 1811 plurimis
471 1761 510 1798 iu
543 1759 769 1809 exemplum
803 1759 966 1798 adnoto.
1016 1759 1084 1805 Sig
1092 1759 1307 1797 ismundus
1355 1758 1565 1801 ..Vacante
1601 1772 1708 1798 uuuc

233 1840 309 1864 ,‚—
347 1817 401 1854 ait
435 1838 487 1843 »μ
520 1828 592 1865 per
624 1822 792 1852 mortem
827 1814 971 1865 1ιιι“’1)ιί
1004 1814 1168 1853 Domini
1202 1815 1405 1853 Dobissae
1438 1815 1525 1868 1³05*
1501 1816 1563 1863 gis
1595 1816 1706 1854 Bos-

233 1884 336 1915 ..uae
379 1872 588 1910 Honore
630 1870 813 1923 ejusdem
856 1870 1187 1921 (Svmigieusis)
1233 1871 1489 1914 Comitatus,
1533 1873 1704 1922 ipsunt

231 1928 366 1971 ..fideli
398 1928 551 1967 Nostro
583 1926 680 1978 Mag
669 1926 805 1964 ruitito
839 1926 941 1964 &iro
974 1927 1151 1966 Domino
1189 1927 1397 1978 Stephano
1430 1929 1478 1967 de
1510 1929 1706 1972 Kanizsa,

231 1985 462 2035 ..Magistro
493 1983 643 2023 Curiae
674 1983 850 2022 Nostrae
881 1983 1212 2023 committendum
1245 1985 1439 2024 duximus
1460 1984 1549 2034 ¹¹).··
1580 1985 1705 2024 Pari—

230 2049 293 2081 ter
323 2041 583 2079 u'ladislaus
623 2038 674 2078 11.
716 2040 765 2078 ad
806 2038 978 2078 Nobiles
1019 2039 1250 2080 Comitatus
1292 2042 1340 2080 de
1382 2040 1507 2080 Bihar
1547 2048 1707 2080 caetera

234 2098 338 2136 inter
370 2097 442 2134 hac
473 2096 690 2135 verborum
722 2095 900 2135 formula
934 2095 1063 2135 utitur
1086 2097 1270 2138 ..Tamen
1303 2097 1397 2148 quia
1428 2096 1706 2137 intelleximus

235 2151 530 2197 ..Honorem
573 2151 874 2192 Comitatus
918 2153 1091 2192 vestri
1134 2160 1394 2204 perpetuo
1427 2166 1705 2197 annexum,

235 2215 311 2250 „ot
341 2208 664 2258 applicatum
696 2221 812 2247 esse
844 2209 1114 2248 Ecclesiae
1147 2209 1501 2249 Varadinensi
1534 2217 1608 2250 ete.
1632 2209 1705 2262 ⁰)··

235 2264 415 2314 Adparet
446 2263 509 2302 vel
540 2277 585 2303 ex
618 2265 725 2307 istis,
759 2278 859 2316 quae
892 2266 1153 2315 protulimus.
1187 2266 1226 2304 iu
1261 2278 1400 2305 errore
1432 2267 1607 2314 versari,
1637 2264 1706 2316 qui

235 2320 489 2360 honorem
523 2320 832 2361 Comitatus
874 2323 1144 2373 Synmdmnm
1176 2335 1267 2362 cum
1299 2324 1570 2374 proventibus
1612 2334 1706 2361 esse

236 2375 476 2424 voluerunt,
519 2389 611 2417 natu
640 2378 898 2422 proventus.
941 2380 1048 2429 qnod
1089 2378 1293 2419 Honori
1326 2387 1579 2426 accesserat,
1611 2379 1705 2417 inde

233 2432 420 2474 derivato
452 2434 613 2475 nomine
643 2433 1010 2475 Honor-arium
1041 2436 1264 2476 etiamnum
1295 2436 1422 2476 audit.

161 2652 195 2688 ¹)
224 2655 322 2688 ¹222.
343 2656 376 2688 8.
393 2658 424 2689 5.
448 2655 502 2689 Η.
523 2657 577 2689 89.

161 2700 198 2735 ¹’)
224 2703 346 2742 Ejund.
373 2704 458 2734 uec.
480 2703 532 2735 16.

160 2746 192 2781 e)
219 2749 322 2782 1⁴39.
350 2750 406 2781 57.
432 2748 533 2782 tsot.
559 2749 593 2781 3.

161 2794 195 2827 d)
223 2795 274 2826 Ex
298 2796 449 2836 Auttnog.
476 2795 580 2834 qu'us
610 2795 801 2836 apograph.
829 2798 922 2829 exst.
949 2794 982 2824 iu
1011 2792 1141 2825 Museo
1171 2794 1249 2824 Nat.

160 2841 191 2879 ε)
222 2843 283 2883 Ap.
308 2842 398 2882 Pras
421 2842 517 2874 Hier.
547 2842 644 2874 Ecct.
667 2843 780 2884 flung.
806 2843 844 2874 P.
872 2843 911 2873 ΙΙ.
936 2851 967 2881 μ.
991 2840 1066 2872 150.
