1941 3143
1648 91 1708 138 39

238 206 431 258 pbensem
464 203 695 255 expeditum
727 203 891 243 exhibet
911 202 967 255 d),
1001 200 1069 252 qui
1102 200 1247 241 abinde
1286 203 1335 241 ad
1367 206 1548 241 nostram
1581 211 1711 250 usque

239 267 407 301 aetatem
440 260 642 300 exstantia
681 259 856 298 soleiter
887 257 1077 310 collegit
1121 258 1292 310 suisque
1326 256 1597 298 Comitioium
1636 269 1712 294 ve-

239 318 375 370 stigiis
408 316 597 357 inseruit.
631 339 681 345 -
715 315 863 355 Fertur
896 315 1013 366 longe
1047 314 1255 365 antiquius
1291 313 1430 354 Caroli
1462 314 1492 352 Ι.
1526 313 1575 350 ad
1602 312 1712 350 cives

238 375 513 415 Posonieuses
547 373 586 411 in
619 372 798 412 Archivo
832 371 1024 413 Civitatis
1057 370 1196 420 latere,
1229 373 1277 410 ad
1311 370 1432 425 cujus
1464 369 1523 409 rei
1553 368 1708 407 verita-

239 438 315 471 tem
347 431 542 471 hactenus
574 430 781 468 incassum
815 428 1007 468 devenire
1038 428 1230 468 conabar.

815 569 860 625 ᾗ.
903 569 1013 615 383.

504 687 719 734 Evocate·
751 697 1053 743 comparare
1089 693 1328 729 tenentur.

262 801 349 846 Per
377 799 580 860 Regales
621 800 690 846 sic
730 799 916 845 evocati
945 796 1002 843 ad
1030 798 1353 858 praestitutum
1390 803 1596 856 tempus,
1633 795 1715 840 vel

130 882 213 929 per
242 881 321 925 se,
361 868 438 914 vel
466 883 551 929 per
586 882 697 914 suos
737 865 980 926 ablegatos
1011 872 1310 926 comparenti
1349 879 1437 909 nec
1469 865 1580 908 licet
1609 864 1713 907 cui—

133 938 252 996 piam
291 937 391 981 sine
425 935 601 981 indultu
638 934 742 980 inde
774 933 1043 990 discedere,
1083 947 1251 990 seCUS.
1290 933 1378 978 nisi
1402 933 1558 989 justa,
1595 944 1714 990 pro-

136 1004 333 1064 hataque
362 1017 501 1047 causa
531 1003 573 1048 id
597 1009 808 1058 excuset,
845 1016 1059 1062 poenam,
1096 1003 1143 1046 in
1185 1000 1337 1061 Regni
1378 1000 1582 1045 Decreto
1624 1012 1715 1042 ex-

133 1084 368 1130 pressam.
408 1072 598 1115 incurrit
639 1067 698 1126 ¹³).
737 1070 980 1115 Provisum
1020 1070 1236 1128 insuper„
1283 1074 1332 1113 ut
1371 1082 1462 1128 quo
1503 1072 1712 1125 tempore

134 1143 330 1195 aguntur
359 1136 571 1187 Comitia.
611 1138 912 1183 StatutioneS.
944 1143 1080 1196 atque
1110 1135 1484 1180 Introductiones
1512 1135 1558 1178 iu
1583 1133 1713 1178 Bona

136 1217 312 1259 eorum,
353 1206 428 1262 qui
468 1203 635 1248 Nuncii
673 1204 824 1249 officio
863 1203 1200 1262 defunguntur7
1239 1206 1511 1263 impetratae
1556 1202 1713 1245 irritae

135 1271 241 1325 sint
279 1284 332 1314 ac
354 1284 549 1331 prorsus
581 1270 811 1316 invalidae
855 1271 911 1327 )
952 1270 1159 1317 Silebmt
1189 1278 1435 1331 praeterea
1481 1267 1589 1313 olim
1631 1282 1716 1328 pel

133 1336 313 1382 illorum
365 1337 654 1382 durationem
701 1337 874 1394 judicia
927 1340 1078 1383 omnia
1120 1336 1189 1399 ι)ἦ
1229 1338 1312 1384 sed
1351 1336 1474 1383 istud
1524 1336 1705 1396 legibus

133 1404 474 1451 recentioribus
513 1406 820 1466 exceptiones
859 1404 1010 1450 subiit.
1725 1412 1727 1414 ’

826 1555 873 1612 §.
913 1555 1025 1603 384.

465 1672 542 1717 De
579 1684 727 1716 cursu
763 1671 902 1717 Jurz's
939 1670 1151 1717 durante
1193 1672 1383 1717 Diaeta.

271 1783 345 1829 Ad
395 1784 746 1829 accelerandam
795 1785 963 1844 quippe
1011 1783 1224 1828 Justitiae
1275 1783 1724 1829 administrationem

136 1852 192 1896 A.
227 1851 368 1897 1792.
397 1852 498 1897 Art..
532 1852 605 1897 16.
633 1851 830 1913 provide
860 1850 1012 1896 fuerat
1039 1850 1406 1909 determinatum,
1442 1858 1491 1896 ut
1516 1851 1724 1897 nonnul-'-

136 1918 209 1963 lae
245 1932 414 1963 causae
441 1918 608 1964 ibidem
658 1933 932 1980 expressae,
971 1920 1016 1964 in
1044 1917 1373 1969 Coinitatibus.
1427 1919 1716 1979 Liberisquc,

139 2000 192 2030 ac
230 1985 390 2044 Regiis
433 1984 703 2032 Civitatibus
755 1985 837 2030 sub
864 1986 1027 2031 Diaeta
1068 1986 1278 2031 inchoari
1325 1988 1530 2044 valeant„
1582 1994 1719 2046 atque

140 2052 403 2098 decurrere.
433 2054 592 2099 Sei-Ius
637 2055 675 2111 ⁰)
697 2059 847 2098 autem
872 2056 972 2114 pari
990 2053 1226 2099 decretum
1254 2053 1566 2111 solicitudiile.
1581 2068 1725 2115 posse

140 2133 222 2178 per
261 2119 503 2165 decursum
542 2120 858 2178 Comitiorum7
897 2120 1165 2166 revidendIS
1206 2124 1520 2182 systematicis
1560 2122 1726 2166 elucu-

144 2185 428 2231 brationibus
445 2187 793 2245 destinatorum.
823 2188 1171 2249 quasvislitium
1200 2191 1400 2248 species.
1429 2203 1585 2233 coram
1613 2188 1728 2233 soris

142 2254 317 2312 primae
343 2255 587 2300 instantiae
614 2271 707 2302 non
731 2258 898 2313 minus.
929 2272 982 2302 ac
1008 2256 1326 2317 appellatoriis
1357 2256 1552 2316 (Tabula
1580 2256 1728 2315 Regia

145 2333 199 2364 ac
229 2319 389 2365 Banali
428 2324 663 2384 exceptis)
691 2325 978 2386 promoveri„
1017 2339 1071 2369 ac
1097 2323 1277 2379 decidi3
1316 2325 1407 2368 imo
1437 2323 1727 2379 divortiales,

148 2388 424 2446 criminales.
465 2397 511 2435 et
547 2405 664 2451 quae
689 2397 935 2454 practerea
961 2392 1170 2437 Auctore
1211 2391 1347 2437 Fisco
1391 2390 1730 2451 Magistratuali

150 2457 456 2514 suscitantur.
494 2460 537 2503 in
575 2457 893 2519 superioribus
932 2474 1134 2520 quoque.
1172 2474 1226 2505 ac
1252 2458 1478 2520 Supremo
1515 2458 1727 2505 Justitiae

188 2623 219 2662 a)
248 2619 286 2655 In
311 2626 426 2666 suppl.
447 2627 486 2657 ad
518 2627 617 2659 test.
646 2627 770 2659 Gemit.
794 2636 812 2658 e
840 2627 888 2659 M.
913 2628 952 2659 S.
973 2628 1011 2659 S.
1034 2628 1294 2670 Kaprinayanis
1322 2631 1362 2662 Τ.
1386 2631 1418 2662 2.
1445 2639 1475 2671 p.
1497 2628 1571 2660 123.

187 2680 221 2720 h)
251 2679 348 2713 1493.
376 2685 405 2713 1.
433 2698 474 2703 —
505 2683 603 2716 1635.
630 2684 682 2717 79.
708 2703 753 2708 -
781 2683 881 2717 166'4.
910 2684 963 2717 53.
996 2686 1095 2718 1723.
1123 2687 1152 2718 7.

188 2743 220 2777 c)
249 2738 348 2771 1627.
379 2739 455 2771 135.

187 2792 221 2833 d)
250 2796 350 2827 1507.
379 2796 430 2827 12.

190 2851 223 2894 ⁰)
250 2852 348 2887 1830.
375 2853 407 2887 6.
