1941 3143
199 119 292 166 156

195 230 335 289 nique
360 227 612 288 vestigium
641 233 846 284 exstare,
873 235 1142 275 exactarum
1169 229 1214 274 in
1242 226 1450 276 Comitiis
1479 228 1535 276 de
1562 229 1788 277 similibus

195 295 508 357 proventibus
543 297 775 341 rationum
818 297 877 353 ³).

897 431 942 486 ἓ.
986 433 1098 478 584.

481 533 518 577 Α
558 540 744 576 namra
783 529 1104 577 coronalz‘etm
1137 543 1480 591 proventuum.

333 628 468 675 Stent
504 631 593 675 ista
619 630 848 690 tantisper
891 630 1060 687 omnia,
1101 632 1231 691 quasi
1269 631 1407 692 plene
1438 629 1663 692 probata,
1703 644 1788 676 se-

198 702 364 757 quetur
402 711 460 742 ne
487 696 593 742 inde
619 696 800 756 Regem
828 696 1086 753 fructuum„
1150 712 1210 742 ex
1259 697 1349 743 hoc
1389 699 1554 757 regali„
1593 698 1789 758 aliisque

198 763 497 811 coronalibus
523 763 659 810 bonis
696 764 1035 823 resultantium,
1068 768 1284 826 pretium,
1324 772 1552 826 tamquam
1577 767 1647 810 rei
1675 779 1788 811 suae

199 831 406 894 deligere
432 847 525 878 non
564 832 815 894 potuisse?
851 834 957 893 quia
990 840 1097 894 post
1135 832 1228 878 fata
1255 832 1456 878 Mathiae
1488 832 1679 879 Corvini
1708 847 1786 878 res

193 914 363 957 novas7
401 915 620 961 novaque
655 914 841 962 semper
868 900 1033 946 tributa
1060 900 1311 957 molientis⁷
1351 900 1572 945 artIculus
1609 900 1785 961 depre—

193 967 410 1014 henditur
437 968 667 1024 conditusa
729 975 777 1013 ut
814 970 869 1013 iis
912 968 1116 1024 abolitis,
1167 967 1273 1012 Rex
1323 966 1488 1011 dehinc
1538 967 1784 1012 ordinariis

191 1035 498 1098 proventibus
527 1041 852 1091 contentetur3
905 1042 982 1079 aut
1020 1033 1144 1080 forte
1185 1035 1388 1090 sanctio„
1443 1048 1561 1094 quae
1609 1033 1786 1080 reditus

193 1104 541 1164 qualescunque
570 1108 699 1148 certo
728 1102 896 1147 addicit
938 1102 1046 1159 fini,
1098 1116 1155 1148 eo
1194 1103 1296 1162 ipso
1341 1101 1601 1147 libertatem
1636 1103 1787 1163 pretia

193 1171 426 1230 deligendi
452 1170 735 1216 restrinxit?
795 1170 865 1215 De
917 1171 1096 1215 exactis
1140 1169 1386 1230 aliquando
1426 1169 1683 1215 rationibus
1724 1169 1787 1214 nil

194 1253 311 1300 opus
352 1237 502 1284 habeo
529 1237 852 1299 respondere3
891 1237 970 1282 lex
1010 1240 1128 1298 ipsa,
1169 1252 1305 1298 quam
1343 1239 1501 1293 citant,
1542 1236 1784 1295 ejusdem-

192 1321 281 1367 que
309 1321 466 1364 causa‚
506 1313 551 1351 et
578 1306 793 1365 adjuncta
822 1312 1082 1366 temporum
1107 1304 1161 1363 ’Ὀ
1203 1306 1654 1365 argumentationem
1698 1303 1786 1349 ad-

189 1376 512 1420 versariorum
539 1374 720 1419 abunde
766 1380 1038 1419 extenuant.

250 1470 300 1525 *)
335 1470 565 1512 Ordinatur
597 1471 759 1511 scilicet
791 1470 1090 1522 pervestigatio
1124 1483 1196 1522 per
1230 1468 1427 1520 quosdam
1461 1468 1701 1521 deligendos
1731 1469 1786 1508 ob

305 1542 391 1568 eam
427 1529 610 1580 praecise
652 1541 817 1568 causam
852 1528 1141 1578 suscipienda,
1185 1534 1228 1567 ut
1260 1532 1439 1567 constet:
1485 1532 1583 1577 quot
1614 1538 1705 1565 nam
1739 1527 1788 1564 de

308 1586 577 1637 proventibus
622 1586 749 1638 regiis
795 1585 999 1623 Banderia
1043 1584 1198 1637 regalia
1240 1583 1435 1634 conflari,
1482 1583 1789 1635 sustentarique

311 1642 486 1684 valeant0

905 1767 952 1823 ὃ.
995 1769 1104 1813 585.

675 1866 759 1912 Vel
792 1866 852 1912 ab
894 1866 1134 1925 eoeemple's
1168 1870 1337 1925 petita.

328 1965 554 2026 Exempla
574 1965 746 2024 legum,
772 1979 890 2023 quae
919 1964 1171 2009 ostendere
1199 1963 1441 2018 deberent,
1470 1963 1627 2021 Reges
1640 1976 1785 2023 prae—

195 2033 476 2078 decessores
493 2047 594 2076 cum
612 2030 816 2077 Statibus
837 2034 959 2076 circa
975 2032 1171 2092 pretium
1191 2029 1310 2074 Salis
1330 2029 1587 2074 comitiales
1606 2028 1786 2074 fovisse

191 2106 433 2157 tractatus,
469 2099 548 2146 vel
573 2099 649 2144 illa
670 2104 1006 2159 provocantur,
1035 2099 1166 2157 queis
1188 2097 1307 2143 Salis
1333 2099 1515 2142 externi
1547 2098 1787 2142 invectio—

193 2184 316 2225 nem,
345 2182 571 2228 usumque
599 2165 835 2212 nonnullis
853 2165 1005 2226 Regni
1035 2164 1241 2225 partibus
1275 2164 1524 2210 admissum
1551 2163 1788 2210 indicavi-

191 2236 399 2294 mus,vel
418 2249 606 2296 quarum
626 2233 865 2280 tenoribus
880 2235 1058 2293 gratiae
1077 2239 1275 2292 aguntur
1316 2231 1360 2289 b)
1379 2247 1463 2293 pro
1482 2232 1651 2278 leviori
1669 2246 1787 2293 pre-

191 2306 275 2362 tio,
292 2301 636 2366 postulantibus
651 2301 943 2361 Regnicolis‚
962 2315 1016 2346 ea
1044 2302 1088 2345 in
1104 2314 1320 2346 mensura
1337 2313 1588 2357 concesso„
1603 2299 1783 2359 qualem

193 2386 278 2419 suo
320 2386 406 2433 pro
447 2369 637 2415 arbitrio
688 2369 930 2429 Principes
979 2375 1025 2414 et
1064 2374 1311 2415 reservato
1355 2369 1479 2413 circa
1517 2366 1608 2412 hoc
1653 2381 1784 2413 suum

196 2438 377 2498 Regale
402 2439 538 2496 jure,
577 2450 629 2481 se
670 2436 934 2482 concedere
974 2450 1119 2498 posse
1159 2437 1509 2491 existimarunt,
1547 2433 1626 2481 vel
1665 2434 1784 2481 tales

196 2512 352 2563 certe
391 2505 467 2550 ubi
505 2503 761 2550 accedente
799 2505 1026 2566 Principis
1055 2517 1320 2560 consensu
1358 2516 1466 2564 pars
1494 2503 1784 2562 erogationis

196 2573 422 2639 quaedam
457 2574 502 2618 in
543 2571 753 2633 publicos
789 2571 935 2631 fines„
988 2575 1363 2619 necessitatesve
1406 2570 1664 2628 destinata
1700 2585 1785 2632 per

189 2644 388 2706 pretium
417 2638 538 2687 Salis
567 2642 837 2702 supportari
866 2640 1133 2688 decernitur
1175 2640 1232 2699 ).

229 2781 261 2817 a)
291 2778 392 2814 1454.
419 2781 452 2813 2.

228 2837 266 2879 b)
300 2838 401 2871 1729.
427 2839 457 2870 5.
483 2853 528 2860 —-
554 2834 654 2871 1741.
682 2834 738 2870 34.

233 2892 262 2936 c)
291 2895 392 2930 1681.
418 2894 472 2931 15.
