1941 3143
165 68 231 114 40

278 174 516 227 „Ecclesiae
562 174 898 227 compulsurum,
956 180 1080 227 prout
1107 175 1315 217 confectae
1357 191 1484 231 super
1524 177 1600 217 hoc
1641 178 1758 218 Tuae

280 233 468 282 „litterae
491 233 764 273 continebant.
797 234 856 272 Ac
878 255 928 260 —-
952 255 995 259 —
1020 255 1071 260 —
1099 232 1194 272 viva
1220 246 1318 274 voce
1339 235 1596 286 promiseris,
1630 236 1759 286 quod

279 290 589 340 „praefatos
622 289 882 328 Valachos
916 288 1267 340 compelleres
1300 293 1358 330 ad
1393 291 1758 342 recipiendum

281 347 341 396 „E
357 360 380 398 p
396 347 440 385 is
455 360 507 386 co
523 359 659 398 pum,
693 360 807 398 quem
836 347 896 385 eis
916 344 1101 384 Ecclesia
1120 346 1209 397 ipsa
1228 349 1491 397 concesserit,
1514 353 1558 386 ct
1581 349 1688 387 assi
1707 362 1758 399 g-

283 416 471 452 „nasse
504 404 610 442 sibi
643 405 700 442 de
733 404 1001 442 reditibus
1045 403 1194 451 Tuis,
1228 417 1350 456 quos
1382 406 1439 444 ab
1472 405 1548 444 eis
1582 405 1758 455 perci-

281 460 416 510 „pis,
449 459 835 499 sufficientes“
868 461 1018 499 lterum
1046 460 1167 511 paulo
1206 461 1380 501 inferius
1410 474 1561 513 „quum
1589 461 1649 500 Tc
1677 474 1757 500 non

283 518 450 566 „deceat
482 517 531 556 in
562 516 735 568 Regno
767 517 876 558 Tuo
909 516 1149 570 hujusmodi
1175 518 1398 559 schismata
1429 519 1634 559 sustinere
1654 519 1758 557 etc.“

871 607 924 661 ς.
964 608 1042 654 21.

766 689 960 737 Eodem
996 691 1153 738 titulo.

310 772 444 828 Quod
468 786 584 818 vero
614 771 696 818 sub
723 771 813 818 hoc
840 780 1049 833 tempore
1081 781 1269 835 praeter
1296 775 1471 820 titulum
1501 787 1761 836 supremam

172 847 456 903 potestatem
483 840 590 885 illuc
618 840 776 899 Reges
795 843 942 886 nostri
970 856 1054 902 per
1081 843 1267 887 saecula
1296 842 1609 896 extenderint,
1629 856 1764 886 com-

169 909 301 970 plura
335 910 440 954 aevi
471 916 767 953 monumenta
792 907 1056 968 loquuntur.
1089 911 1166 955 Sic
1192 909 1303 953 Bela
1331 909 1407 953 lv.
1438 908 1764 968 llospilalariis

168 976 346 1021 reditus
375 975 624 1021 Cuinaniae
659 990 683 1019 a
710 974 858 1021 fluvio
888 975 991 1019 Ona
1025 976 1216 1032 (Aluta)
1261 982 1306 1020 et
1334 974 1514 1035 alpibus
1553 974 1765 1020 ultrasil-

170 1046 305 1090 vanis
334 1043 389 1088 ad.
417 1056 565 1087 annos
595 1045 672 1089 ⁸25.
702 1044 843 1086 certis
871 1041 953 1085 suh
983 1041 1324 1087 conditionibus
1367 1041 1574 1087 contulit.
1619 1041 1764 1099 Hujus

171 1110 293 1155 silius
332 1110 595 1170 Stephanus
635 1108 829 1153 eandem
866 1108 996 1154 velut
1034 1109 1326 1154 Provinciam
1362 1123 1489 1155 suam
1524 1111 1627 1170 paci
1663 1124 1764 1154 cum

171 1178 395 1223 Ottocaro
438 1176 590 1221 sactae
630 1175 830 1221 inclusit.
861 1176 994 1234 (18).
1034 1175 1196 1237 Nepos
1226 1176 1466 1222 Ladislaus
1502 1178 1644 1222 misso
1677 1176 1764 1221 ad—

173 1258 339 1289 versus
367 1243 550 1304 Lythen
593 1242 827 1289 lnfidelem
856 1242 1104 1289 Cumaniae
1118 1243 1380 1301 VaJ'vodam
1407 1246 1635 1300 exercitu,
1677 1245 1764 1288 tri-

173 1312 325 1357 butum
355 1311 441 1357 sibi
471 1310 671 1357 debitum
691 1310 798 1355 inde
825 1309 1023 1371 dependi
1051 1313 1313 1371 pocuravit,
1354 1319 1399 1357 ut
1431 1313 1533 1372 ipse
1566 1310 1764 1371 quodam

172 1394 256 1425 suo
298 1379 547 1440 diplomate
598 1385 785 1424 enarrat
826 1379 883 1435 ὁ“).
947 1377 1151 1424 Ulterius
1202 1378 1349 1424 hance
1404 1379 1765 1424 dominationem

171 1446 490 1492 demonstrant
527 1445 623 1501 illa,
663 1459 781 1506 quae
811 1444 981 1491 Carolo
1016 1445 1049 1490 Ι.
1110 1453 1155 1491 et.
1188 1448 1322 1491 istius
1350 1447 1629 1493 Successori
1664 1461 1766 1492 cum

169 1513 414 1560 Bazarodo
441 1512 696 1559 Valachiae
713 1513 930 1571 Vajvoda
971 1515 1343 1559 intercesserunt
1359 1512 1429 1572 ᾔ).

227 1594 278 1648 ⁴⁶)
310 1595 373 1634 Ad
394 1607 540 1634 nexum
564 1594 801 1645 provinciae
830 1593 955 1648 hujus
979 1607 1068 1634 cum
1095 1608 1247 1634 corona
1271 1595 1524 1648 Hungariae,
1555 1600 1600 1635 ut
1626 1594 1764 1635 verbis

286 1658 378 1691 utar
397 1651 599 1703 praeclari
618 1652 801 1690 auctoris
825 1651 886 1703 b),
909 1652 1011 1691 hanc
1034 1652 1073 1690 in
1097 1665 1179 1691 rem
1199 1666 1245 1691 ex
1265 1652 1455 1702 professo
1475 1651 1550 1692 fide
1571 1652 1767 1693 Chrono-

284 1709 538 1761 graphorum
561 1708 882 1747 domesticorum
902 1708 942 1761 c)
959 1709 1206 1748 disserentis
1234 1709 1367 1758 „nihil
1390 1709 1638 1750 luculentius
1663 1722 1768 1761 pro-

285 1766 416 1815 „ferri
449 1771 586 1816 potest
617 1766 826 1813 oratione,
859 1778 977 1816 quam
1009 1765 1245 1805 Bazaradus
1274 1768 1323 1805 ad
1355 1767 1520 1819 Regem,
1553 1772 1766 1818 antequam

286 1822 352 1871 „is
381 1823 422 1860 iu
448 1822 702 1872 provinciam
728 1823 1029 1872 ingrederetur,
1062 1836 1135 1873 per
1160 1823 1444 1876 legatossuos
1470 1824 1632 1863 habuit:
1663 1823 1769 1870 Quia

287 1891 459 1928 „vos—
502 1879 634 1930 inquit
669 1900 721 1905 ——
748 1879 923 1917 Domine
958 1879 1012 1917 mi
1043 1879 1127 1918 Rex
1152 1879 1374 1919 laborastis
1406 1881 1447 1919 in
1474 1881 1767 1919 convocatione

287 1935 545 1985 „exercitus,
587 1935 768 1973 laborem
806 1941 989 1973 vestrum
1033 1936 1353 1986 recompensabo
1389 1943 1544 1987 septem
1582 1936 1766 1976 millibus

289 2004 546 2042 „marcarum
596 1991 779 2042 argenti,
835 1991 1061 2041 insuper
1109 2004 1349 2040 censum,
1409 2006 1504 2043 quo
1552 1998 1765 2042 teneor,

289 2049 543 2098 „Vestrae
577 2047 817 2087 Coronae
852 2047 1103 2086 fideliter
1139 2049 1388 2099 persolvi
1423 2049 1607 2088 faciam
1641 2051 1767 2090 omni

288 2117 469 2153 „anno,
501 2110 539 2143 et
570 2104 842 2143 nihilominus
867 2117 992 2143 unum
1017 2117 1035 2142 c
1059 2104 1155 2144 filiis
1183 2106 1338 2144 nostris
1362 2106 1534 2145 Vestrae
1552 2106 1688 2146 curiae
1716 2108 1767 2147 ad

287 2162 581 2212 „serviendum
609 2161 812 2212 deputabo
836 2161 936 2199 meis
960 2161 1160 2211 pecuniis,
1191 2169 1227 2200 et
1250 2163 1455 2213 expensis,
1486 2165 1767 2203 tantummodo

288 2219 573 2269 „revertimini
602 2218 642 2256 in
673 2231 768 2269 pace
796 2217 966 2266 Vestra,
999 2225 1036 2257 et
1067 2231 1339 2270 personarum
1369 2219 1567 2270 periculis
1591 2234 1766 2272 praeca-

287 2284 421 2326 „vete.
442 2275 678 2314 Bazaradus
698 2275 775 2314 iste
793 2297 846 2303 —
866 2275 1133 2326 prosequitur
1154 2276 1309 2314 Auctor
1331 2277 1434 2315 idem
1455 2300 1507 2306 -
1532 2276 1766 2317 Chronicon

288 2346 400 2381 „una
419 2332 459 2372 in
479 2332 759 2371 testimonium
782 2332 1091 2370 adducendo—
1114 2333 1182 2383 qui
1203 2333 1308 2371 alias
1332 2333 1562 2372 Alexander
1585 2335 1766 2373 vocaba-

290 2396 399 2437 „tur,
430 2390 555 2428 rediit
581 2390 631 2428 ad
664 2389 937 2438 obseqium
973 2388 1212 2428 Coronae
1244 2388 1611 2440 Hungaricae,
1644 2404 1764 2443 reg—

290 2451 477 2495 „nante
509 2445 789 2484 Ludovico
820 2446 865 2484 1⁰
887 2476 896 2493 ,
921 2446 989 2496 qui
1014 2447 1107 2485 dum
1135 2446 1174 2484 in
1207 2446 1448 2496 primordiis
1473 2447 1765 2487 dominationis

290 2515 417 2551 „suae
453 2502 495 2540 in
523 2502 859 2541 Transilvaniam
888 2503 1070 2541 venisset
1107 2504 1269 2554 quidam
1308 2503 1520 2555 Princeps,
1554 2517 1627 2543 seu
1659 2504 1764 2543 Baro

289 2559 646 2610 „potentissimus,
678 2559 913 2599 Alexandor
937 2558 1126 2612 Vajvoda
1149 2560 1455 2611 Transalpinus
1476 2561 1624 2600 ditioni
1644 2559 1765 2615 ejus-

289 2617 408 2664 „dcm
429 2614 656 2669 subjectus,
685 2616 754 2668 qui
777 2623 959 2668 tempore
980 2617 1150 2656 condam
1177 2616 1320 2657 Caroli
1343 2617 1468 2669 Regis
1492 2618 1627 2658 Patris
1650 2619 1716 2658 sui
1741 2631 1764 2657 a

214 2714 249 2756 a)
279 2719 415 2750 Katona
444 2719 507 2761 Op.
534 2719 594 2752 cit.
622 2721 661 2751 T.
690 2722 721 2753 7.
748 2730 824 2763 pag.
851 2720 929 2752 9¹3.

214 2760 247 2799 b)
275 2764 341 2796 eit.
368 2765 524 2800 Dissert.
550 2767 642 2798 Hist.
671 2768 757 2799 Cril.
785 2777 859 2809 pag.
887 2768 940 2800 SO.
967 2769 1003 2798 et
1029 2775 1102 2806 seq.

214 2806 247 2849 “J
274 2812 504 2848 Archi-Diae.
533 2815 576 2848 de
602 2815 760 2849 Rnkono
788 2814 918 2850 chron.
944 2813 981 2848 P.
1008 2813 1050 2846 11.
1078 2812 1116 2847 C.
1141 2811 1197 2846 97.
1222 2819 1257 2849 et
1283 2814 1383 2849 alior.
