1941 3143
150 60 213 106 92

152 171 451 235 progreditur
489 185 630 234 super
669 172 936 234 pavimento
977 170 1216 216 assericee
1240 205 1252 228 a
1290 169 1431 218 rubro
1473 171 1579 218 albo
1604 172 1742 218 viridi

153 254 307 302 panno
334 247 573 286 constrato
615 241 659 285 in
687 239 810 285 aliud
836 239 890 283 ad
918 237 962 283 id
998 237 1274 285 destinatum
1310 239 1558 300 templum„
1598 255 1745 302 prae-

155 307 426 354 cedentibus
451 307 640 354 vexillis
668 307 828 352 decem
856 306 1153 364 Regnorum,
1187 305 1368 364 juribus
1408 306 1625 355 Coronae
1653 307 1745 353 ob-

155 379 430 430 noxiorum,
460 378 736 435 insequente
764 373 1077 419 Thesaurario
1104 376 1237 432 regio
1267 375 1422 434 equite
1441 409 1453 431 a
1494 390 1548 420 ac
1583 389 1746 420 numos

155 446 474 491 mnemonicos
515 455 685 487 aureos
708 475 720 497 ⁷
761 448 1014 500 argenteos
1042 442 1087 486 in
1115 440 1373 486 confertam
1411 442 1746 488 multitudinem

157 514 476 573 dispergente„
515 509 599 555 Hie
626 523 890 556 conscenso
920 508 1038 553 solio
1056 542 1068 565 a
1107 523 1216 553 mox
1244 508 1514 555 candidatos
1542 525 1626 571 per
1654 511 1747 555 Pa-

155 581 375 635 latinum,
427 583 474 623 et
512 576 663 622 Aulae
714 576 1052 623 Cancellarium
1101 575 1434 635 hungarieum,
1488 577 1749 623 alternatim

155 653 468 709 provocatOS.,
506 643 631 690 Ense
684 645 777 691 divi
822 643 1073 705 Stephani.
1110 644 1248 689 laevo
1291 658 1414 703 genu
1466 644 1647 701 sseXOS‚
1692 644 1749 690 ad

157 716 367 762 dextrum
412 712 648 758 humerum
688 712 783 758 leni
827 719 999 758 attactu
1040 719 1110 758 ter
1150 713 1375 772 percutit,
1414 726 1566 773 eoque
1611 712 1748 758 modo

157 790 346 829 auratos
390 788 518 826 creat
558 780 766 841 Equites.
806 779 1039 839 Egressus
1081 779 1215 834 inde7
1257 794 1375 839 equo
1415 779 1652 834 insidens,
1692 779 1750 824 ad

156 852 327 912 Pegma
355 849 437 897 sub
477 848 550 894 dio
582 855 915 896 constructum„
954 849 1131 893 aulaeis
1164 854 1404 903 ornatum,
1444 860 1495 891 se
1538 846 1752 901 consert;

155 919 248 976 ubi,
286 916 595 964 circumfusae
634 914 911 962 multitudini
953 916 1252 974 conspicuus,
1285 914 1411 970 jurat
1453 927 1513 957 ex
1555 911 1753 958 formula

156 988 361 1034 Decreto
404 988 580 1031 inserta
624 985 697 1042 ⁴²),
759 997 893 1043 quam
954 981 1355 1040 Archiepiseopus
1411 980 1753 1039 Strigoniensis

154 1055 400 1117 praelegit.
440 1052 645 1098 Tandem
682 1052 802 1096 ultra
837 1049 1058 1110 petendo,
1097 1050 1142 1092 in
1173 1048 1342 1093 collem
1375 1049 1556 1107 regium
1589 1049 1755 1094 conei-

156 1130 251 1168 tato
293 1119 519 1181 sonipede
561 1118 839 1177 subvectus,
886 1129 1048 1162 ensem
1087 1114 1429 1160 forma-crucis
1472 1116 1517 1160 in
1556 1121 1753 1176 quatuor

156 1190 292 1236 Orbis
318 1190 481 1249 plagas
515 1185 696 1231 evibrat
720 1183 792 1244 Ak),
830 1184 1049 1229 reductus
1085 1182 1283 1243 denique
1314 1181 1621 1242 trIumphante
1654 1182 1753 1228 Po-

152 1259 279 1320 pulo,
304 1256 536 1303 Convivio
564 1253 714 1313 regali
757 1251 963 1307 assidet,
1003 1252 1076 1296 cui
1107 1251 1347 1310 Principes
1377 1250 1512 1310 Regii
1546 1250 1754 1309 Sangui-

153 1329 242 1383 niS,
269 1324 423 1384 Regni
452 1323 645 1377 Primas.
675 1321 926 1368 Palatinus.
959 1325 1005 1364 et
1034 1317 1435 1378 Archiepiseopus
1476 1316 1754 1362 Colocensis

154 1393 456 1447 adhibentur3
507 1388 737 1436 interdum
780 1389 918 1432 etiam
960 1386 1151 1446 Legati,
1203 1392 1253 1430 ut
1295 1386 1403 1430 olim
1449 1386 1755 1430 communiter

154 1462 383 1517 Venetus,
421 1473 475 1504 ae
498 1456 785 1511 Pontificius.
822 1456 1059 1500 recentius
1090 1453 1173 1499 sub
1202 1451 1443 1513 Leopoldo
1477 1451 1533 1496 ΙΙ.
1567 1457 1757 1518 praeter

154 1531 275 1576 hunc
316 1528 658 1590 posteriorem,
696 1522 1033 1583 Neapolitanus
1077 1520 1149 1579 b),
1186 1519 1340 1580 Regni
1383 1533 1501 1564 vero
1542 1518 1755 1564 Barones

153 1613 239 1661 pro
290 1598 478 1657 antiquo
531 1590 946 1640 Archiofficialium
995 1602 1124 1636 more
1188 1601 1270 1634 sua
1317 1587 1522 1648 epulanti
1574 1586 1756 1646 Regiae

154 1666 391 1725 MaJestati
422 1662 679 1707 miilisteria
715 1664 971 1720 praestant.

211 1748 260 1802 ³⁶)
295 1744 562 1787 Consvetudo
604 1740 761 1781 isthaec
800 1738 1067 1790 perantiqua,
1112 1749 1193 1776 non
1238 1741 1372 1776 tamen
1416 1735 1474 1775 ita
1515 1733 1759 1786 Hungariae

268 1802 442 1856 propria
472 1806 556 1847 est,
600 1799 697 1851 quin
739 1796 961 1848 aliquando
1005 1808 1088 1834 non
1130 1794 1229 1834 alibi
1276 1806 1434 1845 quoque
1478 1792 1759 1832 usuvenisset.

268 1861 322 1902 Ut
363 1859 468 1898 enim
512 1856 617 1897 nihil
663 1855 794 1894 dicam
839 1854 887 1892 de
931 1852 1059 1891 simili
1100 1852 1380 1891 Romanorum
1427 1848 1671 1889 Pontificum
1706 1849 1755 1887 ad

269 1917 490 1958 Basilicam
537 1914 858 1952 Latet-anensem
906 1921 1103 1960 egressu,
1137 1914 1297 1946 constat
1343 1919 1430 1946 eam
1479 1919 1502 1944 a
1547 1905 1756 1944 veteribus

268 1974 412 2015 Italiae
433 1972 501 2025 ε),
533 1969 727 2010 Poloniae
748 1965 818 2019 d),
863 1965 1037 2015 aliisque
1085 1964 1240 2014 passim
1273 1963 1456 2015 Regibus
1497 1963 1755 2001 observatam

270 2029 495 2071 exstitisse.
528 2027 688 2066 Indieat
714 2036 812 2062 vero
838 2021 1068 2074 symbolica
1090 2021 1187 2060 haec
1220 2020 1324 2059 actio
1358 2021 1406 2058 ad
1434 2019 1647 2058 minimum
1675 2032 1758 2057 no-

269 2089 332 2129 bis
365 2085 623 2126 obfirmatum
655 2079 864 2131 Principis
897 2079 1093 2126 animum,
1117 2078 1166 2115 ad
1200 2076 1398 2128 populum
1431 2082 1599 2115 strenue
1631 2081 1757 2115 tuen-

271 2147 382 2194 dum,
415 2150 453 2183 et
485 2142 584 2181 fines
616 2138 762 2191 Regni,
795 2148 873 2188 qua
901 2134 1016 2189 juste
1049 2133 1225 2182 licuerit,
1258 2134 1535 2174 extendendos
1557 2132 1614 2186 ⁰).

856 2241 903 2296 ὃ.
951 2243 1058 2287 109.

424 2334 513 2379 Jus
551 2331 738 2388 Reqem
776 2322 1067 2371 coronandi
1103 2326 1185 2368 cm·
1219 2331 1477 2380 competat.

293 2434 375 2478 Jus
409 2431 588 2490 Regem
620 2423 875 2472 coronandi
917 2422 1123 2483 proprie.
1163 2434 1217 2465 ac
1259 2426 1530 2464 constanter
1570 2418 1626 2463 ad
1660 2418 1758 2462 Ar-

199 2548 234 2588 a)
262 2547 351 2579 x‘ide
377 2547 533 2575 Decreta
562 2539 822 2579 inauguratiun·
844 2536 1098 2568 Comitiorum.

200 2597 235 2630 b)
263 2594 341 2625 vid.
368 2592 464 2623 Diar.
491 2590 608 2621 Diaet.
633 2587 721 2619 Anni
746 2585 845 2618 1790.
874 2587 909 2615 et.
937 2583 1036 2614 179¹.
1065 2590 1095 2622 p.
1121 2579 1199 2612 2¹9.

199 2644 233 2680 n)
261 2639 409 2673 Sebard.
432 2637 564 2677 script.
589 2644 660 2667 rer.
687 2634 808 2665 Germ.
832 2632 873 2662 T.
900 2630 975 2661 vlt.
1004 2638 1035 2670 p.
1058 2629 1141 2660 267.

201 2688 237 2729 d)
266 2688 463 2718 Cromerns
485 2693 553 2715 rer.
579 2682 704 2714 Polou.
720 2681 757 2712 L.
781 2679 824 2710 11.

202 2740 233 2776 e)
262 2734 365 2775 Casp.
391 2731 486 2762 Ursii
514 2729 606 2760 vetit
627 2728 669 2759 de
695 2726 783 2757 Bell.
809 2725 917 2756 Pann.
945 2722 980 2752 L.
1011 2721 1054 2753 11.
1076 2729 1110 2761 p.
1129 2719 1184 2751 38.
1211 2718 1252 2749 lt.
1278 2716 1343 2758 Op.
1368 2715 1451 2747 huie
1470 2712 1596 2753 adjeet.
1625 2721 1656 2752 p.
1678 2711 1764 2744 Kot-

265 2779 328 2813 lar.
353 2781 482 2810 neser.
513 2775 644 2816 Syneb.
681 2774 812 2804 Ceron.
836 2769 942 2802 Fen-d.
965 2769 991 2800 1.
1018 2786 1061 2790 —
1090 2764 1298 2797 Kovacliich
1332 2764 1447 2795 sulen.
1481 2762 1602 2800 inaug.
1623 2759 1658 2789 in
1681 2759 1762 2791 Cor.

263 2825 443 2868 Rudolph.
471 2843 513 2849 -
540 2823 580 2855 E.
602 2821 650 2854 Μ.
676 2820 713 2853 S·
745 2819 780 2852 S.
808 2818 940 2851 Coaev.
964 2818 999 2848 et
1024 2812 1112 2846 Coll.
1144 2813 1350 2845 Heveness.
1383 2809 1539 2842 desumt-
1561 2815 1592 2848 p.
1614 2805 1669 2839 36.
