1941 3143
202 91 264 136 82

203 202 382 249 favoris
424 199 697 248 statuentiS:
736 205 786 244 ut
824 196 1032 246 Consilio
1074 198 1490 246 Locumtenentiali
1527 198 1679 259 Regio
1705 213 1789 245 re-

203 270 412 315 ferantur
454 267 692 314 Censores
733 282 818 328 pro
870 265 1018 313 Libris
1058 267 1446 327 Evangelicorum
1489 266 1787 328 theologicis,

201 344 339 398 atque
368 335 637 397 symbolicis
665 333 933 380 revidendis
961 335 1238 396 applicandi,
1264 335 1504 395 eidemque
1524 336 1787 381 Dicasterio

195 404 420 450 libroruin
454 417 622 448 recens
662 415 944 448 excusorum
992 405 1078 448 tria
1129 402 1412 463 exemplaria
1449 402 1785 448 submittantur.

201 472 296 520 Sed
323 471 447 516 soret
473 470 564 515 hoc
603 471 768 515 etiam:
810 483 925 528 ergo
953 484 1012 514 ne
1054 469 1110 515 ad
1137 473 1316 527 omnia,
1356 484 1472 529 quae
1500 470 1603 515 Rex
1628 471 1675 516 vi
1703 484 1787 514 re-

201 541 378 584 ctoriae
406 538 654 597 potestatis
680 552 764 597 pro
793 551 984 582 suorum
1012 538 1161 583 salute
1180 571 1192 594 Ἴ
1233 544 1278 582 et
1315 537 1645 597 tranquillitate
1674 538 1785 596 agit,

200 613 246 651 et
274 605 484 660 ordinat,
524 603 726 649 disertus
762 604 882 664 legis
920 603 1125 649 indultus
1165 604 1452 666 praecedere
1491 604 1666 650 debet?
1715 604 1791 649 An

198 687 288 732 ego
333 686 427 717 non
465 670 648 716 meliori
686 671 799 716 Jure
851 673 1139 718 sanctionem
1174 671 1281 717 mihi
1329 671 1512 717 ostendi
1551 671 1788 728 desidero,

200 755 318 801 quae
371 752 617 784 censuram
663 753 724 783 ex
766 738 915 784 orbita
958 740 1236 785 execussvae
1282 741 1560 800 potestatis,
1612 751 1789 785 summo

198 808 377 853 Terrae
404 806 606 866 Principi
632 805 817 851 indubie
857 809 1197 867 competentis,
1236 807 1475 866 excipiat?
1514 806 1631 861 Quid
1666 804 1789 866 quod

196 875 568 920 luculentissimo
610 873 826 934 exemplo
853 888 938 935 per
966 873 1197 919 comitiale
1225 872 1495 918 conclusum
1534 871 1587 928 ὕ)
1607 906 1620 928 ‚
1659 874 1791 930 regia

197 940 528 988 ratihabitione
570 940 825 998 firmatum,
863 941 1232 1001 praeexistentis
1271 952 1500 984 censurae
1537 940 1791 983 auctoritas

199 1015 362 1071 aperte
391 1014 688 1067 agnoscatur.

246 1090 298 1142 ἔῃ)
330 1089 502 1128 Planum
535 1089 718 1127 eruditae
760 1087 976 1126 Societatis
1018 1086 1286 1139 hungaricae,
1320 1099 1424 1125 anno
1463 1086 1582 1126 1827.
1616 1085 1786 1125 diaetali

305 1146 577 1185 consensione
622 1144 862 1195 probatum,
906 1151 1026 1195 atque
1071 1145 1226 1197 Regiae
1269 1142 1479 1197 Majestati
1522 1143 1792 1191 substratum,

308 1215 408 1254 quae
441 1207 683 1252 sequuntur,
717 1202 767 1239 ad
799 1200 975 1241 litteram
1009 1202 1193 1241 continet
1225 1207 1450 1251 „suapte
1497 1199 1790 1240 intellecto

314 1272 392 1304 eo,
425 1260 560 1310 quod
592 1265 691 1297 tam
724 1257 843 1305 hae,
876 1271 1023 1309 quam
1056 1259 1104 1297 in
1137 1270 1331 1310 genere
1373 1269 1552 1295 omnes
1585 1257 1788 1297 editio-

312 1329 426 1362 neS‚
474 1329 569 1366 per
598 1315 924 1354 Societatem
957 1315 1220 1353 eruditam
1252 1313 1604 1364 hungaricam
1637 1315 1788 1366 typis

309 1373 641 1423 vulgandae,
673 1373 728 1410 de
761 1384 883 1410 casu
919 1372 966 1410 in
1009 1383 1197 1410 casum
1231 1370 1582 1419 revisionem‚
1622 1377 1669 1408 et
1701 1372 1789 1410 ad-

306 1429 677 1480 probationem
712 1427 1014 1476 Censurae,
1047 1433 1207 1478 prout
1239 1425 1350 1465 alia
1383 1439 1568 1477 opera,
1601 1427 1787 1467 subire

305 1486 583 1525 debeant.“
617 1485 941 1535 Superveniente
975 1484 1088 1536 regia
1120 1484 1332 1522 sanctione
1365 1483 1440 1523 hoc
1473 1483 1608 1534 ipsum
1643 1484 1788 1524 deinde

303 1542 479 1582 statutis
514 1540 700 1595 ejusdem
734 1541 917 1580 Instituti
950 1547 1102 1592 puncto
1138 1540 1201 1580 1⁸2.
1235 1541 1445 1579 inductum
1479 1546 1626 1579 exstat.

885 1668 932 1722 ᾗ.
972 1668 1085 1714 459.

772 1765 831 1809 In
864 1765 1198 1810 Contrarium.

331 1862 487 1910 Staret
513 1860 637 1907 istud
660 1886 728 1893 —-
752 1860 949 1920 urgebat
975 1876 1067 1907 non
1094 1874 1230 1906 nemo
1257 1885 1326 1891 —
1351 1861 1389 1905 si
1416 1860 1639 1906 institutis
1676 1860 1788 1906 fun-

194 1929 530 1977 damentalibus
580 1942 780 1973 censura
830 1942 924 1973 non
973 1929 1337 1982 adversaretur3
1396 1941 1559 1973 verum
1596 1927 1787 1972 libertas

191 1999 311 2059 preli
352 1998 408 2043 ad
428 1997 554 2053 justa
590 1996 956 2054 uniuscujusque
984 1996 1090 2052 jura
1129 1993 1269 2038 rebus
1311 1995 1406 2037 suis
1446 1993 1593 2038 libere
1627 1994 1786 2039 utendi

192 2068 413 2126 pertinet,
444 2077 561 2122 quae
588 2062 743 2120 legum
768 2060 1004 2122 praesidio
1033 2063 1330 2115 communita„
1366 2062 1615 2120 unicuique
1657 2061 1786 2106 salva

191 2135 415 2193 persistat
442 2135 655 2189 oportet,
697 2131 945 2175 executiva
972 2143 1091 2174 vero
1118 2134 1328 2189 potestas
1358 2129 1544 2172 nonnisi
1571 2130 1617 2172 in
1644 2142 1786 2173 sensu

193 2200 349 2257 legum
377 2211 506 2244 suam
544 2197 797 2241 efficaciam
833 2210 1061 2240 exercere
1097 2203 1143 2240 et
1182 2200 1318 2239 antea
1367 2201 1568 2255 poterat.
1619 2195 1709 2240 Ast
1748 2197 1787 2240 si

193 2266 284 2310 hoc
312 2264 573 2325 significatu
593 2265 670 2321 jus
698 2262 843 2307 libere
870 2263 1044 2319 utenda
1075 2261 1351 2322 fruendique
1381 2263 1603 2323 accipias„
1630 2276 1786 2307 nonne

193 2348 428 2379 venenum
459 2333 612 2387 etiam„
652 2336 697 2374 et
725 2332 920 2389 quaevis
950 2333 1104 2376 toxica
1132 2331 1398 2391 promiscue
1442 2331 1590 2374 cuivis
1628 2343 1713 2375 suo
1741 2330 1786 2374 in

189 2403 429 2446 territorio
457 2397 666 2443 vendere
693 2396 866 2453 licebit,
908 2412 996 2443 nec
1036 2397 1116 2443 tibi
1155 2410 1287 2442 usum
1323 2397 1461 2453 inter,
1501 2403 1638 2457 atque
1665 2395 1786 2440 abu-

196 2480 297 2513 sum
325 2466 574 2514 discrimen
599 2464 741 2510 ullum
767 2478 1090 2511 remansurum
1117 2470 1203 2512 est.

894 2602 942 2657 ὃ.
982 2602 1096 2648 460.

654 2702 1010 2746 Praevente‘vae
1051 2701 1319 2745 Censurae.

331 2810 525 2871 Regiam
551 2812 706 2871 itaque
733 2811 1024 2870 Majestatem
1061 2810 1147 2857 hac
1177 2812 1224 2857 in
1262 2814 1396 2871 parte
1434 2810 1532 2857 suis
1566 2807 1781 2869 praecise
