1941 3143
248 98 341 145 128

242 219 376 258 nacta
404 211 605 270 fuerant,
624 212 818 260 formam
838 213 921 260 sub
939 213 1125 273 Carolo,
1152 215 1451 264 etLudovico
1471 217 1833 280 Andegavensis

241 282 492 343 prosapiae
528 280 767 340 Regibus,
808 289 945 343 atque
982 284 1264 344 Sigismundi
1293 287 1431 332 aelati
1457 288 1700 348 proximis,
1737 303 1833 336 no-

242 355 336 394 stra
375 350 420 393 in
457 351 606 411 patria
645 352 884 410 reperisse
911 349 976 408 ὕ).

297 428 346 482 Ψ)
380 429 474 468 Scio
508 430 713 469 Simonem
747 432 794 470 de
825 432 939 470 Keza
970 433 1018 472 de
1052 432 1294 473 Colomanni
1325 436 1527 474 adversus
1559 435 1717 487 Anglos
1750 449 1829 477 su-

354 492 493 537 scepta
531 487 790 537 expeditione
833 489 1102 529 disserentem
1147 491 1270 543 Regis
1322 491 1558 543 Hungariae
1614 493 1828 534 Banerium

356 556 583 581 memorare
604 543 657 596 ἃ),
691 556 769 594 qua
801 545 877 584 sub
908 547 1219 598 compellatione
1253 548 1331 587 etsi
1362 548 1500 587 nullus
1528 556 1829 590 controvertam

352 600 418 638 hic
440 601 578 651 copias
604 600 732 653 regali
765 602 841 641 sub
866 603 1016 642 vexillo
1040 604 1262 643 militantes
1287 605 1557 657 subintelligi,
1591 619 1669 645 non
1693 614 1825 647 tamen

349 656 482 696 adhuc
504 656 725 708 eliquatum
761 665 874 710 puto,
893 660 1103 699 authorem
1137 662 1184 700 de
1217 662 1470 712 privatorum
1499 662 1712 703 Banderiis
1735 677 1827 704 esse

354 713 557 761 locutum,
602 720 654 763 et,
686 715 722 754 si
756 716 848 766 quid
885 717 1004 756 video
1037 730 1108 757 nec
1147 731 1247 770 quae
1279 732 1299 757 e
1333 719 1440 757 binis
1472 720 1729 767 Andr-canis,
1762 720 1825 760 vel

349 770 468 810 Belae
500 770 571 810 IV.
605 772 782 811 decretis
814 774 863 812 ad
895 775 1240 825 comprobandam
1268 774 1353 828 jam
1386 775 1456 814 illo
1490 788 1589 815 aevo
1633 778 1834 829 privato--

348 840 439 866 rum
472 827 768 869 Banderiorum
800 829 1058 871 existentiam
1098 832 1341 872 adferuntur
1360 832 1431 885 b),
1473 833 1583 872 omni
1614 834 1825 887 ambigui-

348 889 429 924 tate
462 890 615 927 carent.

917 1013 963 1068 §.
1004 1013 1116 1059 536.

681 1113 844 1167 Hujus
879 1113 1103 1158 Instincti
1137 1116 1354 1158 occasio.

366 1205 472 1252 Non
521 1221 672 1268 aeque
720 1208 910 1255 arduum
951 1209 999 1255 fit
1045 1210 1281 1265 divinare,
1336 1208 1444 1270 quid
1489 1208 1594 1254 huic
1632 1211 1823 1256 institu-

231 1275 346 1320 tioni
374 1276 669 1322 occasionem
697 1275 807 1321 dare
833 1279 1066 1339 potuerit,
1096 1277 1327 1322 diminutis
1345 1311 1357 1325 „
1397 1283 1446 1322 ut
1471 1279 1822 1338 praemiseram,

232 1342 380 1403 copiis
408 1356 502 1388 non
526 1342 663 1389 modo
693 1345 1030 1402 castrensibus,
1070 1344 1153 1391 sed
1182 1347 1317 1389 etiam
1345 1343 1506 1401 fundo,
1539 1347 1615 1405 qui
1653 1345 1821 1391 alendo

233 1410 364 1455 militi
414 1409 758 1469 destinabatur,
796 1413 946 1471 (533)
996 1411 1051 1457 de
1089 1414 1315 1473 suppetiis
1355 1415 1569 1475 utrinque
1623 1414 1824 1474 conqui-

234 1476 391 1523 rendis
434 1478 729 1538 cogitandum
765 1486 893 1536 erat,
943 1481 1014 1524 cui
1043 1482 1112 1525 rei
1150 1481 1219 1525 sic
1262 1478 1521 1525 consultum
1559 1479 1821 1536 videbatur,

233 1551 282 1589 ut
307 1558 498 1590 numero
539 1545 812 1591 colonorum
845 1547 980 1604 juxta
1016 1548 1373 1608 proportionem
1412 1545 1679 1604 domorum,
1719 1548 1822 1593 sive

233 1618 470 1673 portarum
497 1615 541 1658 in
568 1613 793 1658 calculum
820 1621 1044 1670 assumto,
1085 1616 1160 1675 qui
1188 1614 1337 1674 ampla
1363 1613 1483 1659 bona
1506 1614 1821 1675 possiderent,

233 1679 435 1724 educere
463 1687 629 1740 gentes
668 1680 827 1741 plures
867 1683 1095 1738 caeteriS,
1136 1682 1357 1742 alereque
1401 1680 1820 1741 obstringerentur.

231 1746 388 1806 Atque
414 1745 488 1791 hic
512 1761 627 1793 vera
653 1747 936 1794 banderialis
963 1763 1057 1794 non
1083 1751 1232 1794 minus
1250 1782 1262 1804 ,
1301 1762 1435 1808 quam
1461 1750 1607 1809 ipsius
1635 1763 1821 1810 quoque

230 1813 426 1875 portalis
466 1814 655 1860 militiae
697 1829 836 1860 causa
878 1815 1145 1877 quaerenda
1186 1822 1316 1872 erat,
1354 1814 1470 1860 haec
1509 1814 1663 1862 fuerat
1700 1818 1822 1862 omni

231 1888 442 1942 tempore
471 1884 710 1942 utriusque
751 1881 808 1927 ad
846 1897 898 1928 se
936 1885 1160 1928 invicem:
1200 1882 1317 1928 haec
1357 1886 1494 1927 etiam
1522 1889 1737 1943 quantum
1764 1882 1819 1925 ad

232 1950 650 1993 exercituationem
690 1952 825 1993 unica
864 1949 1201 2009 propemodum
1237 1948 1620 1993 Banderiatorum
1652 1964 1676 1994 a
1704 1961 1818 1993 cae-

231 2017 344 2060 teris
370 2013 613 2059 Nobilibus
655 2014 863 2060 subditos
904 2014 1178 2060 habentibus
1207 2013 1492 2071 differentia,
1533 2015 1657 2075 quod
1680 2014 1815 2074 leges

230 2095 316 2143 per
341 2081 500 2127 secula
527 2080 772 2139 conditae,
813 2088 950 2142 atque
991 2087 1247 2141 temporum
1282 2080 1478 2126 historia
1521 2081 1817 2128 considerate

230 2148 353 2196 lecta
381 2149 530 2196 cuivis
557 2147 709 2195 studio
737 2150 949 2197 veritatis
977 2147 1178 2207 addicto,
1209 2149 1508 2210 perspicuum
1533 2148 1750 2195 efficient.

927 2302 974 2357 §.
1015 2302 1126 2348 537.

439 2399 615 2453 Onera,
656 2409 703 2445 et
736 2400 1134 2458 Praeroyate'vae
1167 2396 1607 2445 Bandere‘atorum.

365 2511 462 2557 Hac
495 2512 665 2572 quippe
692 2512 873 2557 ratione
901 2512 1160 2573 potioribus
1190 2526 1291 2557 cum
1337 2523 1483 2556 onere
1534 2508 1726 2565 111aj0ri,
1772 2512 1819 2551 et

229 2577 308 2624 illa
357 2580 403 2624 in
445 2580 602 2639 specie
646 2578 931 2638 obligatione
985 2582 1143 2642 copias
1180 2593 1287 2625 suas
1313 2578 1443 2622 —si
1487 2579 1649 2636 regiae
1695 2575 1819 2621 hosti

231 2645 425 2707 amplius
464 2646 729 2692 resistendo
757 2662 851 2693 11011
878 2655 1056 2706 essent,
1095 2653 1201 2693 ante
1218 2672 1284 2679 ——
1306 2645 1511 2706 reliquas
1537 2645 1584 2689 in
1611 2658 1818 2705 campum

269 2805 302 2843 a)
328 2807 424 2838 Loco
453 2806 510 2839 cit.
538 2806 576 2838 C.
602 2803 633 2839 4.

270 2861 308 2904 b)
335 2863 425 2896 Vide
451 2863 485 2895 iu
512 2862 540 2906 §.
567 2864 645 2897 535.
672 2866 707 2896 et
733 2862 898 2904 subjecta
925 2865 992 2898 eid.
1018 2868 1111 2897 nota.
