1941 3143
1593 106 1692 156 205

221 216 457 270 resignare,
510 217 764 269 strigonium
811 219 859 257 ad
904 216 1069 257 Festum
1114 214 1331 256 Michaelis
1379 216 1692 267 submittendas,

222 276 338 314 docet
371 274 612 314 colomanni
643 275 859 314 Decretum
886 276 941 328 ⁸).

136 346 216 401 ss)
253 347 440 393 Quatuor
480 347 555 385 sub
593 347 779 392 initium,
827 360 918 386 mox
961 352 1141 397 septem,
1183 351 1391 396 postremo
1428 343 1514 398 jam
1558 347 1692 386 decem

219 404 444 442 Districtus
477 403 633 442 similes
667 403 822 442 definiti
853 410 962 451 sunt,
995 416 1070 453 pro
1102 403 1260 442 ratione
1292 409 1431 442 auctae
1451 402 1692 453 populatio-

220 461 300 507 nis,
333 458 585 511 majorisque
619 460 894 506 extensionis3
929 472 1021 498 nam
1054 465 1091 498 ct
1123 472 1197 510 per
1227 459 1423 498 Banatum
1446 459 1692 498 Temesien-

222 529 305 556 sem
339 521 422 553 tres
456 515 700 562 Comitatus,
738 523 821 555 tum
854 517 1006 566 oppida
1038 516 1340 566 Scepusiensha,
1362 522 1399 554 ct
1431 515 1689 565 Sclavofflae,

223 585 268 612 ac
300 571 531 612 Comitatus
565 573 796 612 Baesicnsis
829 572 1030 612 notabiles
1063 572 1206 624 plagae
1240 578 1516 613 accesserunt.

798 698 844 752 ὃ.
886 697 998 743 673.

630 794 839 853 Ayemla
877 808 1005 853 quae
1041 798 1172 839 sint?

243 892 413 937 Iisdem
452 891 688 949 Comitiis,
754 892 917 952 quibus
955 890 1357 937 Commissariatus
1396 892 1470 937 hic
1508 899 1692 939 erectus

111 968 236 1017 erat,
289 961 641 1004 instructionem
682 973 865 1019 quoque
910 973 994 1019 pro
1037 959 1202 1004 eodem
1257 958 1500 1005 elaborare
1543 962 1693 1005 visum

110 1027 211 1083 suit,
252 1026 445 1072 subinde
487 1030 617 1085 regia
668 1028 942 1071 auctoritate
993 1025 1320 1071 confirmatam.
1381 1026 1602 1072 Extendit
1641 1042 1692 1073 se

109 1096 195 1139 ista
223 1093 254 1137 Ι.
294 1093 368 1137 Ad
407 1109 560 1138 curam
589 1108 644 1138 eo
673 1092 1040 1153 impendendam,
1093 1099 1139 1137 ut
1185 1107 1302 1152 quae
1349 1095 1472 1138 cii·ca
1500 1093 1693 1139 Contri—

108 1160 342 1206 butionem
370 1160 510 1219 legali
536 1160 671 1206 modo
708 1162 1098 1220 praestituuntur,
1138 1158 1321 1204 effectui
1357 1163 1692 1222 mancipentur,

111 1234 268 1288 quotta
296 1228 451 1286 itaque
467 1227 657 1272 Militiae
688 1227 963 1283 obveniens,
991 1229 1095 1283 rite,
1123 1242 1176 1271 ac
1201 1228 1248 1271 in
1275 1233 1484 1288 tempore
1511 1229 1693 1289 depen-

111 1294 256 1340 datur.
295 1294 351 1339 ΙΙ.
389 1293 465 1339 Ad
500 1301 705 1355 systema
731 1294 949 1350 militiae,
1002 1295 1120 1339 iutra
1167 1294 1318 1353 Regni
1343 1294 1513 1341 limites
1542 1296 1693 1342 (11810-

110 1362 303 1418 candae,
342 1376 403 1406 ex
429 1376 596 1423 aequo,
636 1369 681 1406 et
719 1361 916 1422 provida
955 1376 1056 1406 cum
1083 1362 1500 1422 circumspectione
1527 1364 1693 1410 elucu-

110 1428 345 1474 brandum.
385 1427 462 1473 III.
501 1428 576 1474 Ad
600 1429 905 1488 vigilantiam,
944 1443 1032 1488 quo
1060 1428 1249 1473 militiae
1290 1434 1380 1474 tam
1419 1432 1465 1475 in
1491 1434 1690 1490 stativiS,

112 1511 244 1557 quam
270 1510 354 1557 per
380 1495 593 1556 Regnum
633 1499 892 1541 transeunti
918 1497 1205 1551 intertentio,
1245 1502 1291 1540 et
1316 1503 1538 1544 vecturae
1572 1513 1690 1559 pro-

106 1563 352 1620 vinciales,
391 1562 939 1624 apraejungendo,
975 1563 1559 1623 praejuncturarum
1598 1582 1691 1613 no-

107 1633 229 1676 mine
253 1632 518 1688 venientes,
557 1630 809 1676 seeundum
834 1630 1202 1689 regulamentum
1240 1631 1436 1678 militare
1464 1633 1691 1679 submini-

109 1705 312 1744 strentur
338 1699 450 1743 inito
492 1713 632 1758 super
672 1699 848 1742 cunctis
888 1699 988 1742 istis
1043 1711 1144 1741 cum
1182 1696 1527 1755 Magistratibus
1569 1702 1691 1747 civi-

106 1765 244 1822 libus,
283 1780 337 1809 ac
361 1765 631 1810 militaribus
659 1770 890 1824 computu,
928 1769 1069 1823 utque
1097 1766 1141 1808 in
1182 1764 1428 1823 alimentis,
1464 1770 1690 1826 vecturis,

109 1839 246 1892 atque
275 1846 384 1876 aere
421 1838 582 1892 parato
626 1847 650 1876 a
680 1830 1088 1876 Contribuentihus
1127 1832 1498 1892 praestabantur,
1537 1835 1689 1881 debite

107 1901 414 1960 imputentur,
476 1898 819 1960 praepediendo
861 1898 1153 1955 omnimode,
1202 1912 1260 1942 ne
1310 1901 1479 1957 injusta
1529 1917 1688 1960 onera,

109 1968 474 2026 exactionesque
512 1965 779 2026 subrepant,
827 1979 885 2009 ne
914 1963 1115 2025 Populus
1164 1972 1351 2025 praeter
1384 1968 1508 2014 Juris
1543 1985 1688 2030 prae-

110 2035 328 2092 scriptum
355 2032 411 2076 ad
440 2035 783 2093 praestationes
810 2031 1047 2076 faciendas
1076 2030 1312 2091 adigatur,
1354 2043 1489 2096 atque
1515 2043 1564 2081 ut
1588 2037 1687 2082 liti-

108 2098 209 2153 bus,
251 2113 303 2143 ac
325 2100 510 2157 jurgiis,
540 2100 577 2143 si
604 2114 720 2159 quae
749 2098 916 2144 milites
940 2101 1075 2154 inter,
1113 2113 1166 2143 ac
1191 2103 1509 2159 provinciales
1535 2105 1687 2149 locum

109 2172 348 2225 caperent,
390 2168 434 2210 in
468 2172 677 2226 tempore
704 2165 806 2211 linis
833 2167 1112 2226 imponatur,
1152 2180 1242 2225 quo
1272 2181 1365 2215 non
1392 2170 1690 2229 succedente,

111 2231 247 2277 altior
275 2234 527 2279 auctoritas
570 2232 751 2278 decidit.

803 2368 850 2423 ὃ.
879 2368 990 2414 674.

665 2465 897 2511 Instituta
932 2463 1139 2526 reliqua.

243 2579 349 2625 Non
374 2581 523 2626 minus
561 2578 752 2625 aderant:
792 2576 847 2623 ad
873 2580 1062 2639 negotia
1091 2580 1440 2643 ecclesiastica,
1481 2593 1617 2649 prout
1643 2594 1689 2633 et

104 2648 281 2708 piarum
322 2646 659 2692 Fundationum
698 2646 916 2707 politica,
957 2653 1002 2692 et
1042 2653 1373 2709 oeconomica,
1412 2654 1467 2698 ad
1506 2655 1688 2711 objecta

107 2713 412 2770 educationis,
438 2715 829 2774 institutIOnisque
856 2713 1109 2761 litterarIae
1139 2718 1441 2778 enucleanda,
1471 2735 1524 2765 ac
1543 2735 1688 2782 prae-

145 2852 179 2894 ὃ)
206 2855 244 2888 L.
272 2857 303 2889 1.
331 2856 368 2888 C.
394 2857 448 2890 79.
