1941 3143
1630 129 1692 176 23

102 234 324 295 Principis
364 235 746 290 nominationem,
783 234 862 279 vel
912 233 1179 294 diplomate,
1220 249 1274 279 ac
1316 237 1453 281 venia
1489 238 1691 284 nondum

104 306 357 364 impetrata.

803 415 850 470 ὃ.
892 416 1003 462 355.

524 515 786 574 Equestris·
830 514 965 562 Ordo
1002 517 1272 562 Draconis.

240 616 480 662 Floruisse
535 612 780 673 aliquando
830 614 877 658 in
926 612 1161 673 Hungaria
1223 612 1551 671 honorarimn,
1614 628 1698 660 seu

111 686 381 746 Equestrem
407 682 636 727 Draconis
665 680 900 737 Ordinem,
940 684 1131 741 copiosa
1159 683 1277 726 varii
1306 683 1495 740 generis
1522 696 1695 727 monu-

109 759 260 799 menta
287 752 563 812 loquuntur3
603 749 803 793 omnium
830 751 1123 808 apertissime
1150 748 1363 808 Diploma
1390 750 1539 809 ipsum
1566 749 1695 794 Fun-

111 822 324 874 dationiS,
364 819 493 876 cujus
537 811 795 878 οίυτόγραφον
821 815 974 875 Regni
1001 815 1271 860 tabularium
1300 822 1568 861 conservat.
1614 816 1698 861 ln—

111 889 231 935 dicat
270 886 392 931 istud
415 885 550 931 nobis
590 898 684 929 non
709 883 844 929 modo
876 883 1098 928 initialem
1125 883 1309 928 Ordinis
1353 898 1520 927 annum
1555 886 1698 929 1408.

112 965 203 1002 tum
244 960 460 998 auctores
488 951 845 1010 Sigismundum,
887 966 987 995 cum
1023 950 1228 995 Barbara
1278 949 1507 1009 Conjuge,
1556 950 1700 997 Ciliae

113 1023 302 1069 Comitis
329 1020 459 1076 Filia,
495 1033 659 1065 verum
684 1018 967 1079 peculiarem
1006 1020 1141 1063 etiam
1182 1026 1411 1064 tesseram
1436 1017 1489 1075 ἦ)
1511 1053 1523 1076 ,
1563 1026 1700 1080 atque

114 1089 422 1148 obligationes
461 1086 704 1147 Equitum,
758 1085 920 1145 quibus
959 1086 1188 1131 Proceres
1229 1086 1381 1145 Regni
1417 1089 1699 1148 praecipuos

113 1162 348 1211 accenset,
388 1156 497 1214 quin
523 1160 674 1198 tamen
700 1160 953 1214 propterea
980 1154 1238 1211 existimes,
1280 1160 1470 1198 exteros
1497 1153 1587 1199 hoc
1614 1168 1700 1199 so·-

114 1222 255 1268 dalitii
292 1220 472 1265 honore
512 1219 659 1265 fuisse
700 1220 938 1277 exclusos,
978 1228 1027 1265 ut
1051 1227 1178 1281 patet
1217 1235 1241 1265 e
1276 1220 1568 1280 Diplomate,
1611 1236 1701 1281 quo

111 1290 217 1335 Dux
256 1287 545 1349 Lythvaniae
583 1289 629 1331 in
657 1302 760 1332 eum
788 1287 1006 1332 Ordinem
1040 1294 1285 1348 cooptatur
1327 1290 1384 1345 ⁵¹).
1424 1288 1498 1333 Ad
1525 1303 1703 1351 perpe—-

113 1364 237 1403 tuum
263 1355 545 1401 Institutioni
587 1356 801 1414 vigorem
842 1354 1181 1400 conciliandum
1211 1368 1322 1401 suos
1354 1370 1539 1417 quoque
1579 1356 1704 1403 Suc-

116 1437 335 1471 cessores
384 1422 707 1481 sigismundus
748 1420 1046 1482 obstringere
1101 1422 1375 1482 cogitabat,
1427 1431 1476 1469 ut
1510 1423 1705 1470 eandem

117 1492 394 1539 occassione
432 1488 761 1536 Coronationis
794 1504 883 1535 una
927 1505 1028 1535 cum
1067 1490 1259 1551 reliquis
1292 1490 1446 1549 Regni
1482 1491 1705 1537 Immuni-

115 1559 283 1606 tatibus
303 1559 446 1617 jurati
477 1556 750 1604 confirment
791 1556 868 1615 h),
907 1572 964 1603 eo
993 1565 1149 1606 tamen
1179 1572 1273 1604 non
1300 1557 1532 1619 obstante,
1572 1557 1702 1606 Con-

119 1627 282 1674 ditoris
316 1627 552 1672 interitum
576 1624 738 1687 rapide
770 1632 931 1671 secuta
958 1631 1032 1673 est
1074 1628 1130 1685 ⁰).

174 1707 226 1763 ⁴⁶)
258 1708 530 1760 Sequentibus
572 1708 876 1753 adumbratam3
924 1707 1125 1759 „Signum
1166 1720 1239 1748 seu
1281 1709 1458 1762 effigiem
1499 1709 1707 1749 Draconis

229 1765 463 1815 „incurvati
489 1777 562 1816 per
588 1765 751 1803 modum
783 1762 940 1812 circuli,
971 1765 1099 1803 cauda
1122 1777 1198 1804 sua
1219 1766 1368 1806 collum
1393 1767 1709 1819 circumgyran—

233 1823 340 1871 „tis,
372 1821 499 1860 divisi
538 1834 612 1871 per
643 1821 818 1860 medium
851 1820 968 1859 dorsi
1008 1822 1056 1859 ad
1090 1821 1388 1874 longitudinem
1422 1837 1445 1861 a
1476 1824 1711 1863 summitate

233 1879 434 1929 ‚,capitis,
466 1884 504 1917 et
535 1878 649 1926 nasi,
682 1891 811 1928 usque
842 1879 892 1916 ad
925 1883 1147 1917 extremum
1180 1882 1352 1929 caudae,
1386 1880 1579 1919 effluente
1606 1893 1708 1919 san-

232 1936 380 1986 „gvine
412 1936 452 1973 in
485 1935 681 1974 interiore
713 1936 817 1973 rima
858 1935 1068 1974 scissurae
1100 1936 1215 1985 alba,
1246 1943 1284 1976 et
1316 1938 1512 1988 sangvine
1545 1938 1707 1980 intacta.

231 1991 336 2041 „Per
368 1992 663 2043 longitudinem
695 1992 862 2031 rubeam
895 2004 1079 2041 crucem,
1112 1993 1261 2043 sicuti,
1299 2000 1336 2032 et
1369 1995 1711 2045 quemadmodum

231 2049 335 2098 „sub
367 2049 501 2100 ipsius
533 2048 707 2099 gloriosi
737 2048 941 2100 Martyris
969 2049 1139 2101 Georgii
1169 2050 1334 2090 Vexillo
1360 2051 1581 2091 militantes
1607 2065 1710 2091 cru-

233 2117 345 2153 „cem
370 2106 537 2144 rubeam
568 2105 608 2144 in
636 2105 727 2144 albo
760 2118 901 2156 campo
927 2106 1034 2145 ferre
1058 2107 1204 2156 solent,
1238 2113 1460 2159 gestantes,
1492 2114 1530 2148 et
1552 2109 1710 2149 haben—

235 2166 342 2209 „tes3
374 2161 475 2210 Nos,
512 2174 556 2200 ac
586 2161 746 2202 Fideles
764 2163 892 2214 Regni
915 2164 1059 2203 Nostri
1081 2164 1279 2213 Barones,
1301 2170 1339 2204 et
1356 2166 1553 2205 Proceres
1578 2180 1712 2218 appa-

235 2222 431 2265 ,‚rentem,
463 2223 501 2257 et
533 2219 693 2269 publice
726 2221 981 2270 portandam,
1014 2226 1052 2260 et
1085 2221 1291 2260 ferendam
1324 2221 1559 2274 eligimus&
1588 2225 1713 2263 Addit

235 2272 396 2312 Vindek
429 2274 684 2327 Sigismundi
713 2276 843 2317 Aulae
873 2276 1110 2318 Familiaris
1132 2278 1192 2331 d)‚
1223 2279 1392 2329 Equites
1427 2280 1604 2329 duplicis
1637 2294 1713 2332 ge—

237 2330 348 2368 neris
381 2330 527 2379 fuisse,
560 2333 808 2373 domesticos
841 2347 1010 2373 numero
1042 2333 1111 2384 24,
1144 2336 1387 2386 eosdemque
1425 2337 1548 2386 primi
1582 2336 1713 2376 Ordi-

239 2386 319 2434 nis,
353 2388 420 2438 qui
443 2388 669 2429 Draconem
694 2403 713 2429 e
737 2403 854 2430 cruce
886 2393 1127 2442 pendentem
1150 2392 1377 2444 gestabant,
1410 2405 1498 2431 cum
1524 2393 1712 2445 Inscrip—

241 2443 350 2481 tione
393 2444 433 2483 in
480 2445 646 2499 longum
689 2445 753 2496 „O
787 2460 931 2498 quam
977 2449 1311 2489 misericors
1344 2455 1424 2489 est
1471 2450 1639 2490 Deus“
1671 2451 1712 2489 in

239 2504 521 2541 transversum
554 2503 729 2554 „pius,
761 2510 808 2543 et
835 2503 1053 2558 justus“
1085 2506 1268 2558 reliquos
1294 2507 1536 2557 Draconem,
1562 2521 1582 2547 e
1607 2508 1712 2547 collo

168 2604 199 2637 ι·)
227 2603 327 2642 Quod
351 2604 454 2636 simul
481 2614 562 2637 cum
602 2606 751 2638 laudatis
779 2609 932 2640 Fundat.
961 2610 1116 2651 evulgat.
1144 2617 1263 2652 reper.
1289 2611 1323 2643 in
1351 2612 1451 2644 Actis
1478 2611 1544 2645 litt.
1571 2605 1713 2644 Musaei

236 2649 373 2682 Nation.
401 2651 507 2691 hung.
534 2653 573 2684 Τ.
597 2654 626 2684 1.
649 2663 680 2694 p.
704 2655 781 2686 167.
803 2658 840 2686 et
858 2654 935 2687 184.

172 2704 204 2741 b)
232 2707 341 2737 Modo
368 2708 497 2740 nomin.
521 2710 672 2743 Fundat.
694 2711 726 2743 in
748 2712 829 2745 [ine.

171 2764 199 2802 c)
229 2764 329 2794 (fons.
361 2763 455 2795 Com.
486 2766 563 2798 Ant.
585 2766 736 2810 Cziraky
761 2770 957 2803 Exercitat.
982 2771 1025 2803 de
1051 2769 1173 2804 Ordin.
1198 2770 1318 2815 Equit‚
1346 2773 1467 2806 Aurat.
1495 2771 1610 2813 Hung.
1639 2768 1667 2813 5
1684 2772 1714 2805 5.

237 2810 269 2841 in
299 2813 383 2841 nota
406 2810 557 2851 subject.

174 2864 206 2909 d)
233 2867 274 2900 ln
298 2866 381 2900 Vita
400 2867 573 2910 Ejusdem
586 2868 634 2913 ',C.
661 2869 715 2905 81.
