1941 3143
1580 76 1671 121 157

87 187 194 247 quid
233 185 415 237 obstat.
455 188 700 247 quominus
726 212 793 219 —
817 187 862 231 in
891 185 1053 232 subitis
1092 186 1370 246 praesertim
1397 187 1580 233 casibus
1605 214 1672 222 —

87 254 190 299 dum
225 254 419 300 Palatini
457 253 668 299 Officiiun
706 255 900 302 mutari.
940 259 1017 298 aut
1058 252 1238 313 impleri
1267 253 1538 313 oportebat,
1578 270 1671 300 non

85 321 205 366 idem
232 321 477 382 aliquando
506 323 550 366 in
577 335 707 365 usum
744 322 959 377 venerit„
989 319 1112 380 quod
1149 318 1287 364 hodie
1315 321 1361 365 in
1388 320 1671 367 sufficiendis

87 387 302 434 Coronae
330 388 754 435 Conservatorihus
782 388 934 433 locum
962 389 1122 433 sortiri
1149 386 1269 432 infra
1295 395 1522 434 recurret.

784 487 831 541 ᾗ.
872 487 984 532 214.

718 569 846 622 Quid
865 570 1038 627 Leyes.

221 650 521 697 Comitiorum
543 650 742 698 interim„
772 657 819 694 ut
847 650 1090 707 fateamur,
1121 650 1243 710 quod
1275 664 1352 696 res
1381 658 1468 707 est,
1495 665 1596 712 pra
1614 665 1672 696 e-

89 721 207 765 cise
259 733 398 764 causa
450 717 651 777 eligendi
694 717 887 761 Palatini
932 718 1209 762 indictorum
1260 719 1511 776 vestigium
1564 725 1671 763 ante

88 793 284 831 aetatem
320 784 519 831 Mathiae
559 784 750 829 Corvini
792 784 832 841 a)
876 784 1047 828 nullum
1088 783 1462 845 deprehenditur.
1504 784 1671 845 Neque

87 853 238 913 legem
266 855 452 908 scimus,
491 851 716 897 Ludovici
742 850 797 895 ΙΙ.
840 853 1174 897 constitutione
1201 853 1512 907 anteriorem.
1552 866 1672 911 quae

92 926 286 965 statuat:
324 919 594 964 Palatini
635 917 940 963 Officium
990 920 1122 964 vita
1175 920 1404 964 comite
1444 918 1671 979 perdu-

88 1001 263 1035 rare.
300 992 521 1045 vetetque
557 984 667 1029 illud
701 984 859 1039 aliter.
896 987 985 1030 nisi
1019 985 1301 1043 juridice
1331 987 1442 1044 (seu
1479 992 1671 1031 auctore

87 1052 276 1110 Judice)
317 1059 362 1098 et
398 1066 503 1113 pro
546 1051 660 1096 tali
699 1050 946 1111 quidem
986 1053 1245 1098 crimine
1287 1051 1569 1109 auferri,
1607 1060 1671 1098 ut

87 1134 204 1164 non
232 1119 450 1163 saltem
479 1117 755 1173 Officio.
796 1117 899 1163 sed
925 1125 982 1163 et
1021 1121 1234 1179 capite
1269 1120 1566 1179 privetur
1607 1119 1668 1177 ¹³).

86 1185 186 1230 Nec
213 1184 411 1244 denique
453 1191 662 1245 tempus,
701 1186 819 1229 intra
859 1185 982 1244 quod
1008 1186 1229 1247 princeps
1267 1185 1344 1231 hic
1368 1184 1669 1245 Magistratus

87 1251 291 1313 suppleri
352 1250 542 1304 debeat.
598 1253 839 1295 sanctione
886 1252 1069 1311 publica
1122 1253 1473 1298 determinatum
1491 1287 1503 1309 ‚
1542 1255 1669 1313 prius

88 1333 221 1379 quam
247 1317 293 1363 id
319 1317 466 1362 altero
494 1315 665 1362 Mathia
691 1325 948 1376 regnante.
988 1319 1044 1364 ad
1070 1334 1265 1364 annuam
1309 1321 1671 1365 conversionem

85 1385 367 1445 deligeretur
407 1385 483 1442 ο),
524 1384 654 1441 cujus
694 1398 835 1429 causa
873 1384 1048 1445 absque
1091 1386 1227 1431 dubio
1268 1386 1375 1431 inde
1413 1387 1669 1446 repetenda

82 1455 240 1510 venit,
280 1451 403 1513 quod
443 1466 467 1496 a
506 1457 655 1496 morte
691 1450 897 1497 Thomae
939 1451 994 1497 de
1022 1451 1210 1497 Nadasd
1248 1453 1446 1513 dignitas
1473 1453 1668 1500 Palatini

85 1533 232 1566 annos
260 1533 347 1566 sex
372 1533 510 1580 supra
539 1517 843 1579 quadraginta
869 1534 1018 1566 vacua
1044 1519 1186 1566 fuerit
1210 1520 1388 1566 relicta.

774 1615 821 1670 ὃ.
862 1617 974 1662 215.

305 1701 451 1746 Circa
490 1699 779 1745 electionem
816 1699 1040 1745 Palatini
1064 1701 1454 1758 praescribunt?

217 1781 289 1827 Ab
315 1781 522 1839 ejusdem
549 1780 748 1825 Mathiae
775 1780 829 1824 II.
857 1783 1096 1840 regiminis
1124 1784 1263 1827 initiis
1307 1779 1368 1839 Δ).
1398 1782 1667 1827 candidatos

84 1856 336 1910 quaternos
373 1862 564 1893 numero
606 1847 685 1892 lex
730 1850 953 1907 requirit.
999 1848 1134 1894 binos
1170 1849 1392 1894 videlicet
1422 1849 1666 1894 Romano-

83 1916 369 1972 Catholicos7
408 1915 542 1960 binos
576 1916 685 1959 item
708 1913 1023 1974 Evangelicae
1052 1915 1380 1962 Confessionis
1424 1918 1481 1974 ⁶).
1520 1916 1666 1961 Elec-

82 1986 144 2029 tio
173 1986 271 2045 ipsa
301 1982 390 2028 hoc
425 1983 715 2043 potissimum
754 1981 942 2039 ordine7
988 1985 1171 2044 rituque
1210 1983 1438 2028 decurrit:
1494 1983 1580 2028 Die
1621 1990 1666 2027 et

82 2050 195 2095 hora
220 2065 303 2110 per
336 2050 515 2108 Regem
555 2047 795 2107 designata
840 2049 934 2098 bini
971 2050 1108 2110 Regii
1146 2050 1363 2110 Delegati
1400 2052 1662 2109 (nostrates

84 2117 439 2163 Commissarios
481 2115 659 2173 dicunt)
701 2116 944 2176 splendido
990 2124 1213 2178 apparatu
1255 2118 1425 2163 adeunt
1449 2116 1660 2173 Comitia,

84 2190 177 2228 tum
213 2183 407 2239 eisdem7
445 2181 640 2241 Regiam
671 2182 950 2229 declarando
978 2184 1304 2242 Intentionem,
1345 2184 1561 2231 schedam
1593 2185 1664 2228 si-

83 2250 173 2295 mul
211 2249 437 2305 clausam,
476 2252 549 2294 cui
573 2249 677 2294 Rex
714 2252 898 2296 nomina
938 2251 1283 2297 candidatorum
1314 2259 1492 2297 suamet
1528 2265 1663 2295 manu

82 2319 409 2378 inscripserat,
446 2317 492 2361 in
525 2316 677 2376 Regni
722 2317 932 2364 Primatis
994 2333 1155 2365 manus
1200 2321 1504 2379 consignant3
1554 2331 1664 2363 mox

84 2384 260 2441 eadem,
287 2399 375 2444 qua
399 2390 643 2440 venerant„
681 2398 848 2445 pompa
888 2385 1144 2433 discedunt.
1216 2387 1385 2432 Postea
1411 2384 1590 2432 Scheda
1618 2387 1662 2429 in

86 2454 279 2496 omnium
307 2451 524 2497 Ordinum
564 2458 820 2512 conspectu
858 2460 1094 2512 reserata,
1143 2454 1459 2516 perlectisque
1497 2451 1663 2498 candi-

122 2576 155 2612 a)
183 2578 255 2608 Art.
284 2578 327 2610 de
353 2578 407 2612 Of.
432 2580 541 2613 Palat.
567 2581 658 2613 Anni
687 2580 792 2617 1485.
818 2584 852 2616 in
879 2585 988 2626 praes.

122 2621 157 2661 ¹¹)
184 2623 281 2657 1526.
309 2626 364 2657 22.
387 2642 432 2647 —-
456 2627 548 2659 conf.
573 2626 675 2660 1741.
698 2629 730 2660 9.

122 2675 153 2702 θ)
181 2670 281 2702 1608.
307 2671 338 2702 3.
364 2680 393 2702 a.
419 2681 448 2703 c.

121 2713 156 2755 1¹)
182 2718 272 2747 Acta
297 2717 427 2748 coron.
452 2718 563 2750 Math.
589 2720 672 2753 edit.
699 2722 732 2753 in
759 2723 880 2756 Germ.
908 2721 1010 2754 1786.
1037 2729 1056 2754 e
1081 2721 1130 2755 M.
1156 2721 1225 2755 SS·
1251 2722 1474 2765 synchronis
1501 2730 1532 2762 p.
1555 2720 1663 2754 220&

186 2771 261 2803 seq.
288 2763 389 2795 Conf.
415 2764 493 2797 Act.
521 2766 625 2800 diaet.
650 2768 691 2800 A.
726 2768 828 2802 1791.
852 2772 888 2802 et
914 2768 1014 2802 1792.

121 2805 155 2848 e)
181 2808 281 2843 1608.
306 2809 341 2843 3.
366 2818 395 2843 a.
422 2817 452 2844 c.
