1941 3143
226 105 322 153 158

224 221 280 267 ad
332 219 672 282 reprimendam
724 225 904 281 pestem
958 221 1243 268 necessariis
1300 222 1597 280 contliderat3
1649 229 1817 288 postea

222 288 458 350 Josephus
486 288 575 346 11..
612 288 901 350 publicorum
944 303 1136 352 operum
1161 297 1405 352 promotor
1434 291 1816 347 studiosissimus,

222 355 386 401 horum
413 358 629 417 praec1se
657 370 798 402 causa
823 356 962 402 Anno
995 359 1137 404 1787.
1158 357 1214 404 ad
1230 359 1479 419 quemlibet
1500 363 1817 407 centenarium

222 423 372 470 adhuc
410 432 517 470 octo
560 423 821 469 cruciferos
863 423 1058 483 adJecit‚
1097 434 1393 486 augmentum
1432 428 1555 473 istud
1591 430 1743 475 serius
1772 431 1817 474 in

221 492 375 551 legem
402 491 512 537 abiit
553 492 614 550 ⁸),
641 506 695 536 ac
719 498 769 537 ut
795 490 1017 554 deinceps
1045 507 1228 555 quoque
1254 497 1577 556 praestitutum
1606 499 1651 542 in
1678 495 1815 542 finem

223 565 558 615 convertatur,
597 557 718 618 Regi
756 573 841 620 per
880 558 1134 606 Consilium
1162 561 1359 622 Regium
1385 563 1817 609 Locumtenentiale

223 641 460 686 congruae
489 628 842 687 propositiones
870 625 970 672 fieri
991 628 1227 685 jubentur.
1255 629 1479 692 Alioquin
1512 631 1818 678 cameralibus

220 709 314 739 non
355 695 532 750 minus,
573 708 708 755 quam
747 694 940 756 politico
977 695 1240 743 Dic-asterio
1267 699 1460 758 vigilem
1493 698 1550 744 ad
1576 699 1620 744 id
1663 714 1818 744 curam

221 760 445 807 exhibere
472 760 781 819 Incumbebat,
818 777 877 808 ne
905 763 1134 824 quidpiam
1172 764 1228 810 de
1254 769 1387 825 regio
1427 766 1516 812 hoc
1536 767 1659 826 jure,
1699 781 1816 827 pro—

220 836 459 890 ventuque
496 828 792 886 detrahatur7
830 838 908 876 aut
946 831 1227 877 condimenti
1269 839 1516 894 tantopere
1560 836 1819 880 necessarii

223 899 508 958 comparatio
538 911 719 958 quaqua
744 911 934 943 versum
961 913 1045 959 per
1071 899 1284 958 Regnum
1313 901 1531 961 impedita
1549 934 1561 956 a
1601 901 1817 957 molesta,

221 967 474 1026 gravisque
502 965 700 1021 evadat3
739 964 795 1010 ad
833 965 956 1026 quod
998 966 1341 1026 assequendum
1380 967 1651 1012 vectoribus
1680 981 1817 1012 com-

219 1040 386 1093 petens
436 1032 715 1092 stipendium
762 1031 1087 1093 pendendum,
1165 1035 1274 1093 quin
1322 1041 1474 1080 tamen
1525 1034 1708 1080 incolae
1759 1034 1816 1080 ad

218 1099 482 1145 vehendum
508 1099 664 1145 Salem
701 1103 983 1145 executione
1035 1100 1267 1147 mediante
1304 1102 1668 1163 compellantur.
1707 1101 1817 1161 lege

223 1169 398 1228 pariter
436 1166 675 1214 decretum
714 1166 800 1212 fuit
843 1166 903 1225 l’).

780 1343 915 1399 cap
926 1346 999 1389 ut
1044 1344 1257 1389 xvll.

220 1452 289 1505 De
341 1449 533 1517 regali
584 1449 1247 1518 Metallifodinaru1n‚et
1291 1451 1624 1506 Minerarum
1672 1453 1816 1506 Jure.

918 1569 965 1625 ς.
1007 1571 1119 1616 589.

253 1683 526 1730 Proventus
570 1686 879 1730 mz‘nerarum
921 1688 1060 1730 omne·
1096 1694 1321 1743 tempore
1369 1684 1440 1731 ad
1471 1686 1561 1732 Jus
1599 1683 1775 1745 regale

880 1771 1134 1827 pertinuit.

357 1880 520 1926 Tacito
559 1885 682 1926 teste
725 1878 766 1937 c)
800 1880 896 1938 jam
933 1887 1179 1942 antequam
1218 1883 1264 1927 in
1302 1880 1385 1928 has
1422 1888 1572 1928 terras
1608 1880 1815 1939 Hungari

223 1947 557 2004 devenissent,
597 1945 745 2001 Quadi
772 1946 956 1992 fodinas
983 1947 1097 1992 ferri
1136 1948 1458 1994 excoluerunt.
1499 1948 1648 1993 Valde
1676 1950 1812 1992 etiam

220 2028 338 2061 vero
367 2013 415 2060 fit
442 2013 590 2059 simile
608 2046 621 2070 ,
661 2013 786 2073 quod
811 2013 858 2059 S.
887 2014 1154 2074 Stephanus
1180 2013 1443 2076 Principum
1482 2015 1692 2071 aliorum.
1719 2028 1814 2074 po-

220 2081 529 2143 pulorumque
553 2105 622 2113 ——
655 2082 878 2141 imprimis
913 2080 1197 2126 Francorum
1222 2108 1287 2113 —
1314 2083 1530 2144 exemplo
1549 2116 1561 2139 ‚
1599 2095 1815 2142 proven-

220 2156 294 2194 tus
333 2148 645 2204 Fodinarum.
685 2162 740 2192 ac
776 2147 1058 2193 Minerarum
1106 2149 1191 2194 sihi
1226 2152 1445 2211 proprios
1484 2149 1667 2195 fecerit.
1721 2147 1816 2195 Sed

219 2215 338 2261 haec
362 2223 595 2275 utcunque
636 2229 689 2261 se
724 2213 997 2273 habuerint„
1036 2216 1081 2261 id
1107 2216 1290 2276 quidem
1330 2223 1505 2262 certum
1542 2222 1645 2273 est,
1682 2215 1761 2263 vel
1787 2229 1814 2260 e

219 2283 457 2345 plerisque
496 2288 816 2328 montanarum
857 2276 1133 2340 Civitatum.
1187 2284 1565 2346 Oppidorumque
1605 2282 1811 2330 Privile-

221 2352 328 2410 giis,
353 2350 461 2396 inde
489 2365 513 2395 a
542 2350 727 2411 Geysae
760 2349 834 2407 II.7
861 2350 1004 2397 Belae
1031 2350 1109 2396 III.
1139 2358 1276 2412 atque
1294 2352 1513 2398 Andreae
1539 2351 1594 2397 II.
1624 2357 1813 2412 tempo-

220 2418 346 2463 ribus
365 2452 378 2475 .
417 2432 501 2479 per
521 2416 679 2476 Reges
717 2419 824 2464 aevi
858 2418 979 2464 illius
1006 2418 1089 2463 Jus
1116 2420 1162 2464 in
1201 2418 1354 2465 fundis
1382 2420 1577 2481 privatis
1605 2419 1807 2463 mineras

221 2485 406 2530 colendi
433 2483 638 2529 conferri
667 2487 993 2532 consvevisse.
1015 2486 1144 2542 Quae
1168 2501 1244 2533 res
1271 2501 1356 2548 pro
1386 2501 1436 2532 se
1464 2489 1564 2547 ipsa
1592 2484 1809 2530 idoneum

219 2551 354 2598 nobis
380 2550 574 2613 praebet
600 2560 918 2612 argumentum
940 2589 952 2612 ‚
993 2553 1353 2600 metallifodinas
1394 2555 1439 2599 in
1466 2553 1692 2613 regalium
1718 2566 1811 2611 ge-

220 2633 335 2667 nere
373 2619 480 2665 olim
519 2632 704 2681 quoque
741 2620 890 2668 fuisse
931 2628 1227 2680 numeratas,
1281 2636 1394 2684 quas
1435 2620 1641 2683 alioquin
1677 2620 1810 2680 leges

260 2765 292 2804 ¹)
318 2763 422 2797 1792.
449 2761 503 2796 14.

260 2819 299 2862 l³)
326 2819 430 2856 1741.
454 2819 509 2855 34.

262 2875 296 2922 c)
320 2880 376 2913 De
401 2879 526 2913 morib.
552 2877 766 2913 Germanor.
792 2877 831 2911 C.
856 2878 982 2912 xmlt.
