1941 3143
258 47 350 94 142

366 170 472 207 rum,
504 159 554 198 ad
576 163 734 198 coetum
755 157 1024 198 servientium
1066 158 1106 197 iu
1141 158 1268 199 vicem
1320 159 1490 211 praemii
1521 159 1761 208 translatos,
1804 159 1847 200 in

364 214 594 268 Privilegio
623 215 741 255 Bclae
761 216 829 255 IV.
854 216 1223 267 deprehendimus,
1256 229 1333 268 quo
1357 218 1411 256 ΑΟ
1455 217 1577 257 1266.
1611 218 1659 257 de
1681 216 1846 257 Jobba-

366 273 556 323 gionatu,
590 278 627 311 et
647 272 893 312 Conditionc
927 272 1062 313 Castri
1091 272 1326 313 Bolonduch
1352 274 1642 326 Symarthiam,
1675 273 1847 327 ejusque

367 329 491 368 lilium
514 331 562 368 ad
599 329 826 368 libertatem
844 360 853 373 ,
885 336 921 368 ct
947 343 1160 370 numerum
1183 338 1434 370 caeterorum
1459 332 1723 371 servientium
1742 344 1846 370 suo-

366 400 455 426 rum
481 387 702 436 regalium,
735 400 823 425 cum
855 389 977 426 terris
1011 400 1150 427 eorum
1183 387 1577 427 haereditariis
1621 387 1846 435 transtulit,

365 446 419 483 Α0
468 443 574 482 1269
606 443 839 493 Stephanus
874 444 922 485 V.
947 444 1178 491 Nicolaum,
1212 452 1249 484 ct
1276 446 1534 493 Michaelem,
1568 445 1675 484 filios
1711 445 1843 484 Nico—

365 501 492 539 laide
524 500 733 547 Gosztun‚
780 514 799 538 e
838 513 1007 540 numero
1046 502 1291 552 populorum
1338 516 1508 542 suorum
1541 503 1846 553 speculatorum

363 562 558 603 oxomum,
591 558 724 595 coetui
747 557 959 597 NObilium
990 559 1257 599 servientium
1294 560 1516 610 adscripsit
1558 560 1615 612 ³).
1649 560 1727 598 Per
1760 559 1848 597 La-

364 614 540 653 dislaum
566 612 681 652 illius
717 613 844 652 filium
870 615 924 653 As*
972 615 1090 655 1275.
1124 629 1142 654 c
1170 616 1404 655 conditione
1434 616 1608 655 liliorum
1642 616 1846 656 Comitum

367 670 695 709 Udvarnicorum
722 672 872 710 Petrus
897 670 1006 712 lilius
1026 672 1206 719 Bethlem
1240 680 1277 711 et
1300 687 1372 724 per
1400 674 1505 713 hunc
1524 673 1704 721 Fratres,
1737 668 1846 712 Pro-

362 727 540 777 ximiquc
572 727 706 778 ipsius
740 740 819 766 una
855 742 944 767 cum
982 730 1133 776 terris,
1165 729 1227 768 vel
1249 731 1590 781 possessionibus
1622 729 1847 772 universis.

360 784 432 822 illa
477 785 768 834 eademque
813 784 1076 825 libertate
1133 788 1321 826 donati
1365 794 1527 835 sunt,
1588 799 1683 837 qua
1731 787 1845 825 veri

360 841 533 893 Regni
578 841 804 880 Nobiles
862 843 1226 893 gratulantur
1268 844 1327 890 ¹³).
1365 844 1516 882 Eodem
1571 842 1713 881 favore
1753 845 1845 882 An-

359 899 479 937 dreas
514 897 587 938 Ill.
621 898 925 949 complures
952 899 1133 939 Castri
1169 900 1249 938 sui
1276 899 1655 946 posoniensis,
1688 899 1845 938 simul

358 967 464 994 cum
498 960 645 993 terra
677 956 914 1005 ipsorum
948 955 1348 1003 haereditaria,
1395 969 1414 994 e
1449 956 1684 1006 pristina
1724 968 1843 995 con-

359 1012 565 1051 ditione
600 1012 647 1050 in
680 1018 901 1059 coetum,
935 1018 983 1050 et
1015 1013 1357 1057 consortium,
1390 1012 1845 1064 NobiliumRegni

359 1081 637 1120 purorum,
670 1072 721 1106 et
753 1081 1039 1117 verorum,
1085 1069 1180 1108 sub
1230 1069 1435 1108 vexillo
1468 1070 1628 1121 Regis
1689 1069 1844 1108 mili-

356 1125 582 1164 tantium
614 1125 668 1163 ΑΟ
714 1124 835 1165 1299.
862 1127 1121 1176 transposuit
1163 1126 1220 1179 ⁰).
1252 1126 1492 1166 Ludovicus
1509 1126 1688 1178 Magnus
1721 1126 1842 1164 deni-

356 1195 432 1233 quc
464 1180 666 1220 Mathiam
699 1181 944 1229 Litcratum‚
977 1189 1016 1221 et
1047 1183 1262 1223 Nicolaum
1294 1183 1478 1234 Pugilem
1512 1195 1630 1222 suum
1672 1182 1840 1233 specia-

354 1239 447 1286 lem,
479 1237 586 1277 filios
616 1238 804 1288 Vermes‚
836 1252 856 1278 e
905 1240 1211 1279 conditione
1258 1239 1521 1279 Comitum
1562 1238 1842 1280 Udvarni-

355 1308 529 1335 corum
587 1302 853 1343 exemt0s‚
893 1297 955 1334 de
1012 1298 1193 1347 gratia
1250 1297 1495 1348 speciali
1562 1297 1746 1348 ipsos,
1793 1301 1842 1334 et

357 1365 536 1392 eorum
570 1353 942 1403 posteritates
975 1353 1271 1392 universas
1305 1366 1414 1392 cum
1447 1367 1468 1390 0
1489 1355 1840 1403 mnibuspos-

357 1409 733 1457 sessionibus,
766 1415 813 1448 et
841 1407 1063 1460 juribus
1096 1412 1273 1449 eadem
1306 1410 1569 1449 libertate
1601 1410 1838 1461 gaudere

358 1466 560 1514 voluit,
619 1478 718 1517 qua
777 1466 978 1505 caeteri
1038 1467 1178 1516 viri,
1247 1474 1294 1507 et
1325 1467 1554 1519 genuini
1613 1465 1838 1507 Nobiles

355 1522 518 1576 Regni
551 1522 906 1575 gratulantur
946 1521 1004 1575 d).

935 1613 979 1667 ὃ.
1030 1614 1136 1659 190.

697 1697 1024 1742 Consectaria
1061 1697 1408 1755 Propi-letalis.

375 1778 589 1824 Resultat
623 1793 684 1824 ex
718 1778 858 1840 pleno
895 1779 1313 1840 proprietariorum
1340 1779 1556 1825 Dominio
1596 1796 1697 1827 cum
1731 1783 1836 1840 jure

240 1846 387 1892 libere
420 1846 596 1903 utendi,
637 1845 941 1905 fruendiquffi
980 1848 1025 1891 in
1065 1854 1280 1906 quantum
1314 1847 1417 1903 lex,
1464 1848 1543 1894 vel
1583 1851 1835 1895 conventio

240 1928 335 1959 non
363 1913 534 1970 obstat7
575 1915 825 1971 conjuncto
853 1914 1100 1959 sl‘uctuullh
1138 1914 1216 1959 vel
1259 1915 1692 1966 emolumentorum„
1733 1919 1835 1961 sive

238 1981 458 2041 legalium
500 1988 812 2041 proventuum
854 1980 1141 2040 percipiendi
1189 1980 1401 2026 facultas
1467 1980 1588 2028 Colit
1639 1983 1834 2043 proinde

238 2049 464 2094 Dominus
506 2049 744 2093 terrestris
778 2047 833 2092 ad
884 2047 1073 2092 lubitum
1116 2053 1266 2092 terras
1312 2048 1568 2095 allodiales.
1630 2049 1835 2095 Exercet

242 2118 289 2161 in
316 2117 555 2162 territorio
591 2129 674 2161 suo
707 2116 829 2172 J'ura‚
870 2129 988 2175 quae
1012 2117 1159 2160 nostri
1189 2115 1535 2174 Jurisconsulti,
1570 2119 1658 2162 etsi
1685 2119 1833 2162 minus

238 2185 448 2245 proprie„
488 2181 571 2228 sed
598 2197 684 2228 usu
707 2182 802 2239 jam
831 2190 1024 2244 recepto
1051 2217 1062 2239 ‚
1113 2184 1355 2243 regalia
1398 2183 1730 2230 beneficia
1758 2183 1834 2229 di-

240 2266 350 2296 cere
383 2257 551 2304 amant„
584 2252 722 2311 inque
742 2249 894 2294 fructu
923 2250 1110 2295 dominii
1141 2251 1377 2298 hoctitulo
1410 2251 1662 2298 habentur:
1702 2250 1833 2296 Edu—

241 2319 420 2374 cillum„
457 2316 725 2374 Macellun1‚
766 2317 1005 2377 Lignatio,
1047 2319 1315 2376 Glandines,
1355 2319 1573 2375 Venatio,
1612 2320 1832 2365 PiscatiO.

241 2384 573 2442 Molendimnm
611 2385 895 2445 Aucupium7
935 2393 979 2431 et
1019 2387 1107 2432 alia
1146 2386 1216 2432 his
1254 2386 1415 2433 simila.
1454 2386 1613 2431 Eidem
1639 2384 1832 2430 liberum

243 2460 398 2497 manet
426 2467 508 2498 sua
534 2452 723 2514 praedia
749 2453 914 2498 incolis
941 2468 1105 2500 vacua.
1142 2454 1219 2499 vel
1246 2454 1444 2500 reddere
1478 2453 1726 2515 populosa,
1752 2452 1831 2500 vel

245 2521 382 2566 sicuti
410 2528 531 2577 sunt,
573 2523 617 2566 in
643 2534 775 2566 usum
802 2534 933 2567 suum
960 2529 1259 2580 convertere,
1298 2529 1374 2568 aut
1400 2522 1534 2569 alteri
1558 2522 1733 2568 locare.

278 2643 310 2679 ³)
337 2644 374 2675 In
403 2645 541 2677 Katona
569 2645 630 2686 Op.
659 2648 718 2679 cit.
745 2648 787 2679 ad
814 2648 879 2679 hos
907 2655 985 2680 ann.

277 2689 313 2728 b)
343 2692 379 2722 ln
408 2691 548 2723 Katona
575 2692 637 2733 Op.
665 2695 722 2726 cit.
746 2695 788 2726 ad
814 2695 907 2726 hunc
934 2703 1012 2727 aun.

279 2739 312 2770 ⁰)
339 2737 394 2768 Ex
421 2738 594 2778 Authogr.

278 2781 315 2825 d)
341 2784 481 2817 Katona
507 2785 570 2827 Op.
595 2785 653 2818 cit.
680 2785 723 2817 ad
750 2794 829 2818 aun.
857 2784 958 2819 1356.
