1941 3143
1599 132 1690 178 123

111 253 211 297 sive
251 250 431 310 privato
473 246 637 291 liceret
676 248 792 291 intra
834 244 948 291 fines
985 245 1135 304 Regni
1172 242 1364 289 Militem
1405 243 1688 301 conducere,

111 333 197 365 nec
237 320 371 361 etiam
413 313 592 359 civibus
632 316 840 374 patriam
878 315 1030 374 prouti
1070 326 1222 371 neque
1261 310 1451 356 Militem
1479 325 1691 368 servare,

112 385 386 431 munimenta
427 382 639 440 erigere5
678 379 922 440 nequidem
964 378 1266 425 Comitatibus
1308 380 1383 438 ί“).,
1423 380 1499 438 qui
1526 392 1691 437 quam—

112 466 243 513 quam
280 464 363 510 pro
402 448 679 493 defensione
713 448 897 493 Patriae
938 461 1123 507 semper
1148 447 1297 508 parati
1336 459 1444 491 esse
1473 444 1689 500 debeant,

110 524 333 579 gentes
372 524 572 562 tamen
610 518 736 561 sine
776 515 1043 575 speciali
1081 527 1436 570 consensu,
1485 518 1544 557 et
1579 525 1692 558 vo-

109 588 351 633 luntate
388 582 625 643 Regiae
651 581 1010 641 Majestatis
1047 581 1210 627 nullo
1249 587 1424 644 pacto
1462 580 1691 626 levare

104 668 130 715 p
147 667 171 699 o
189 667 210 698 s
229 657 372 697 sunt
412 649 473 711 ἲ’).

664 800 877 855 caput
908 799 1100 843 xln.

102 893 172 945 De
219 888 430 942 Militia
475 873 998 1010 Extraordinzhria,
1068 886 1194 940 sive
1250 882 1437 954 Regni
1489 883 1689 937 Insur-

754 970 848 1011 rec
918 969 1034 1011 one.

782 1074 826 1131 ξ.
870 1074 977 1121 529.

646 1172 775 1228 Qm‘d
806 1174 1114 1219 Iasurrectz'o
1131 1175 1153 1217 ἓ

233 1285 302 1330 De
340 1283 500 1329 Militia
545 1285 777 1331 ordinaria
818 1287 1071 1333 haetenus:
1124 1284 1507 1331 Extraordinaria
1554 1282 1684 1340 cujus

101 1351 277 1414 Copiae
306 1366 522 1412 supremo
550 1351 696 1412 Regis
724 1356 918 1414 imperio
947 1354 1158 1399 similiter
1184 1359 1378 1414 parent7
1418 1350 1472 1395 ab
1501 1349 1686 1409 obliga-

99 1423 223 1466 tione
251 1420 307 1465 ad
332 1418 632 1465 Nobilitatem
660 1421 996 1481 qualiscunque
1036 1421 1272 1480 dignitatis
1294 1454 1306 1476 ‚
1348 1426 1393 1464 et
1423 1417 1598 1462 ordinis
1626 1432 1687 1464 ex

96 1487 228 1546 lege,
268 1494 315 1532 et
341 1489 464 1532 avita
503 1489 837 1533 constitutione
878 1487 1086 1534 derivata
1124 1487 1351 1533 adversus
1378 1486 1560 1531 Patriae
1588 1484 1681 1529 lio-

98 1561 193 1600 stes
245 1554 514 1614 insurgendi
545 1589 557 1611 7
606 1555 891 1616 pedetentim
939 1555 1161 1601 Insurr
1181 1556 1353 1600 ectio
1400 1551 1687 1598 nomenclari

98 1628 348 1683 coeperat3
376 1637 480 1667 nam
506 1623 552 1667 in
577 1622 818 1668 veteribus
847 1623 1035 1680 chartis,
1062 1622 1339 1683 legibusque
1384 1621 1423 1678 ⁰)
1453 1619 1684 1680 frequen—

95 1690 185 1734 tius
211 1690 477 1752 promiscue
519 1691 826 1735 exercituatio
869 1690 1188 1751 compellatur.
1241 1688 1598 1745 Alluseratjam
1624 1687 1682 1732 ad

95 1755 213 1802 hanc
239 1756 571 1817 obligationem
598 1756 681 1803 suh
707 1758 821 1818 ipsis
839 1756 992 1816 Regni
1019 1759 1159 1802 initiis
1179 1755 1312 1801 divus
1330 1754 1592 1815 Stephanus
1608 1752 1681 1813 ᾗ),

96 1823 152 1868 ad
178 1839 279 1869 eam
302 1824 519 1869 Andreas
556 1825 604 1869 in
642 1825 800 1870 Aurea
840 1823 971 1869 Bulla
1008 1825 1181 1870 diserte
1216 1828 1446 1884 provocat
1487 1819 1561 1879 d),
1598 1836 1688 1867 nec

95 1890 232 1935 alium
270 1893 316 1936 in
363 1890 499 1936 finem
539 1891 779 1937 libertates
818 1893 967 1937 avitas
1003 1891 1236 1937 Nobilium
1274 1889 1595 1944 confirmavit,
1635 1896 1682 1935 et

95 1960 223 2002 auxit
265 1955 363 2016 W).
403 1957 510 2003 Istis
556 1958 786 2018 denique2
826 1965 964 2018 atque
1004 1959 1105 2003 aliis
1146 1973 1171 2002 e
1212 1956 1523 2002 fundamentis
1550 1956 1679 2001 Ver—-

93 2023 283 2070 boezius
324 2024 518 2070 Nobiles
555 2040 639 2085 per
675 2027 826 2071 omnia
863 2027 1089 2071 immunes
1112 2060 1124 2081 ᾖ
1175 2031 1222 2071 et
1272 2030 1485 2070 exemtos
1528 2024 1686 2069 mili-

95 2098 218 2136 tare
271 2092 575 2137 duntaxat
626 2107 734 2153 pro
774 2093 975 2153 Regni
1030 2092 1425 2138 defensione
1464 2093 1683 2136 teneri

93 2161 370 2217 pronunciat
413 2160 469 2216 ⁹).
510 2159 683 2204 Verum
709 2162 1039 2206 immunitatem
1067 2163 1232 2217 istam,
1273 2166 1319 2205 et
1346 2159 1678 2215 exemtionem,

92 2228 274 2270 ratione
313 2227 443 2283 cujus
484 2225 678 2272 Nobiles
716 2229 963 2287 insurgere
992 2227 1203 2273 obstricti
1242 2226 1455 2281 fuerant,
1495 2225 1682 2271 abstulit

92 2305 181 2336 una
209 2292 307 2337 dies
327 2326 339 2348 7
379 2299 425 2337 et
458 2294 548 2339 nisi
589 2293 726 2339 fallor
753 2294 974 2354 obligatio
1003 2297 1181 2355 patr1ae
1224 2291 1547 2338 defendendae
1574 2291 1681 2338 huic
1737 2301 1740 2303 ’

95 2360 262 2404 civium
290 2359 430 2405 classi
471 2375 571 2405 cum
599 2362 798 2407 caeteris
826 2365 1079 2407 communis
1117 2365 1282 2406 evasit.
1324 2359 1393 2404 Ne
1422 2366 1575 2404 tamen
1601 2360 1678 2404 le—

94 2430 268 2472 ctorem
294 2428 478 2474 minime
505 2429 641 2473 etiam
667 2427 882 2488 gulosum
909 2430 1032 2474 circa
1058 2435 1396 2473 momentosum
1423 2426 1560 2483 adeo,
1587 2442 1678 2471 ne.-

94 2505 182 2551 que
208 2494 411 2552 ignobile
449 2494 573 2540 Juris
612 2497 760 2540 nostri
807 2495 976 2556 publici
1025 2496 1256 2554 obJectum
1307 2495 1361 2540 ab
1403 2508 1547 2555 opere
1588 2493 1678 2540 hoc

130 2650 161 2680 ὃ)
191 2646 289 2680 1514.
318 2650 372 2681 57.

128 2701 163 2743 b)
193 2703 292 2738 1498.
320 2707 372 2738 18.
399 2704 427 2747 §.
456 2709 486 2741 1.

129 2762 159 2797 0)
188 2763 225 2793 ln
253 2765 416 2804 exemplo
445 2764 544 2799 1452.
574 2764 625 2799 14.

128 2816 163 2859 d)
191 2821 290 2852 1222.
320 2822 350 2852 7.

127 2876 160 2919 e)
185 2877 223 2912 P.
247 2878 272 2910 1.
299 2882 336 2913 11.
363 2879 392 2912 9.
