1941 3143
1585 63 1677 110 113

101 170 375 227 Provinciis,
412 171 478 215 uti
505 168 618 215 alias
642 170 747 217 Rex
771 172 871 233 ipse
892 172 1085 230 junctim
1110 171 1225 217 istas
1252 171 1497 230 gubernat,
1531 173 1676 221 salvis

100 238 318 289 videlicet
340 239 474 283 unius
501 238 724 298 cujusque
754 238 938 284 ditionis
963 236 1163 297 legibus,
1202 237 1527 299 salvacuique
1554 255 1673 300 pro-

102 309 198 370 pria
231 306 578 361 constitutione,
616 311 752 364 atque
777 308 821 350 in
850 307 1007 366 specie
1032 304 1185 363 Regni
1207 304 1472 363 Hungariae
1501 320 1526 349 a
1557 309 1678 352 reli-

103 376 202 435 quis
218 371 593 432 independentia.
613 371 902 418 etlibertate.
932 371 1162 429 Objicient
1176 372 1414 417 nonnulli:
1443 371 1596 430 legem
1624 372 1680 416 de

103 439 289 495 Tutela,
327 439 533 484 Palatino
579 437 759 496 delata,
811 439 996 484 disertis
1038 437 1197 484 verbis
1238 453 1322 499 per
1364 440 1683 498 posteriorem

103 506 315 552 abolitam
342 507 552 566 nuspiam
576 504 748 561 fuisse,
788 505 999 565 adeoque
1042 504 1269 551 adversus
1299 504 1451 560 illam,
1491 503 1684 550 dissen—

102 572 316 619 tientibus
347 572 499 632 Regni
528 571 792 630 Ordinibus,
832 572 1063 633 quidpiam
1094 571 1283 617 decerni
1305 573 1489 617 minime
1518 584 1682 632 posse.

832 688 840 696 .
886 655 993 701 139.

263 736 416 783 Modo
457 655 876 782 εοηεεητϊεηῖῖῗῑιε
912 737 1077 793 Requi
1120 736 1384 781 Ordinibus
1417 739 1517 790 fiat.

238 817 517 878 Allegabunt
552 820 743 878 insuper
781 816 970 862 easdem
1008 818 1134 876 ipsas
1174 816 1544 862 fundamentales
1581 815 1684 861 illas

106 887 398 940 sanctiones.
465 886 594 944 queis
645 892 690 929 et
736 884 932 945 Sceptra
976 885 1193 942 regnanti
1247 883 1414 928 Domui
1456 888 1684 943 perpetuo

106 952 246 1007 illata,
285 958 330 996 et
358 952 466 995 unio
494 950 757 1010 Hungariae
788 965 889 995 cum
922 950 1114 1010 reliquis
1143 949 1444 995 Monarchiae
1475 948 1682 1010 partibus

108 1017 396 1063 constabilita
428 1017 575 1064 suere.
616 1024 707 1062 tum
748 1017 1011 1077 complures
1050 1016 1162 1061 alias
1192 1016 1422 1061 tardiores
1456 1030 1685 1077 expresse

100 1084 282 1141 Jubere.
320 1084 523 1143 reliquas
552 1084 704 1143 Regni
738 1083 890 1143 leges7
928 1085 1255 1139 immunitates,
1294 1084 1687 1144 praerogativas-

105 1164 193 1210 que
221 1152 467 1195 universas
495 1151 718 1195 inv101ate
751 1164 961 1200 servare„
1002 1149 1240 1195 cavendo:
1283 1164 1382 1208 „ne
1420 1149 1687 1208 Regnum

105 1216 496 1274 ,‚Ilu11gariae‚
523 1217 699 1261 velut
733 1219 999 1276 propria
1027 1215 1506 1261 Constitutione
1544 1230 1687 1274 gau-

105 1282 310 1342 „dens‚
349 1280 415 1326 ad
451 1295 699 1326 normam
746 1282 1295 1327 haereditariarum
1332 1283 1687 1328 Provincia-

106 1362 254 1407 „rum
292 1347 763 1407 gube1‘11et11r“·³).
804 1348 1159 1408 Qualescunque
1192 1349 1387 1409 proinde
1424 1356 1687 1394 testamen—

104 1418 249 1460 tariae
278 1414 560 1459 Ferdinandi
588 1415 621 1459 Ι.
665 1414 708 1472 ¹’)
741 1415 1028 1475 aliorumque
1049 1414 1311 1475 Principum
1335 1417 1690 1460 Austriacorum

105 1482 388 1528 domesticae
415 1481 750 1542 dispositiones
780 1482 820 1539 ⁰]
846 1481 901 1526 de
923 1481 1131 1540 legitima
1153 1481 1491 1528 Successorum
1517 1488 1688 1537 aetate,

104 1557 241 1609 atque
268 1549 408 1594 tutela
437 1548 650 1594 conditae
676 1548 848 1593 fuerint
873 1548 1137 1608 aliquando,
1175 1563 1259 1609 pro
1284 1548 1425 1608 legali
1450 1550 1495 1593 in
1519 1548 1685 1608 Regno

102 1615 366 1675 Hungariae
396 1629 557 1660 norma
581 1615 701 1660 haud
726 1616 986 1672 deservire,
1026 1617 1102 1675 qui
1133 1622 1287 1660 tamen
1310 1618 1399 1661 ista
1423 1615 1687 1675 proferunt,

102 1683 331 1738 viderint.
382 1682 612 1741 quomodo
655 1682 773 1726 hanc
816 1696 944 1727 suam
991 1683 1257 1741 opinionem
1304 1696 1406 1727 cum
1447 1681 1688 1726 tenoribus

103 1749 459 1794 fundamentalis
485 1749 608 1794 illius
635 1749 754 1807 legis
775 1749 1026 1792 conciliare
1046 1748 1272 1808 possibile
1294 1751 1368 1804 sit,
1396 1763 1484 1808 qua
1503 1747 1688 1793 stabili-

103 1824 197 1862 tum
235 1815 456 1860 habetur:
495 1822 544 1860 ut
563 1815 775 1874 Regnum
803 1814 1068 1873 Hungariae
1101 1829 1201 1859 cum
1236 1817 1436 1860 caeteris
1464 1813 1688 1859 haeredi-

104 1885 233 1928 tariis
264 1883 516 1927 communis
557 1881 830 1941 Imperantis
859 1881 1118 1926 Provinciis
1156 1881 1686 1936 indivisibiliter,

105 1964 130 1994 a
148 1966 172 1994 c
218 1952 276 1994 in
295 1963 315 1994 s
332 1963 357 1993 e
373 1963 399 2008 p
420 1963 445 1992 a
461 1962 483 1993 r
502 1963 527 1993 a
542 1947 717 1993 bilite
734 1962 755 1992 1·
792 1949 991 1993 invicem
1009 1981 1022 2005 7
1072 1953 1121 1992 et
1169 1949 1356 1995 insimul
1394 1954 1602 2008 regatur,
1643 1953 1690 1991 et

105 2016 437 2077 gubernentur.

838 2149 846 2158 .
892 2114 1001 2160 140.

390 2195 560 2241 Tutela
595 2196 719 2242 llaec
755 2115 909 2254 Βῗῃῖὸ·
946 2194 1146 2255 quando
1185 2195 1391 2241 desinat.

243 2291 325 2337 Est
351 2291 473 2352 quod
498 2294 730 2350 miremur,
770 2292 931 2338 eadem
960 2294 1230 2348 occasione7
1258 2307 1346 2352 qua
1360 2290 1568 2337 Palatino
1586 2291 1687 2337 Tu-

109 2359 200 2405 tela
228 2358 377 2404 delata
415 2358 516 2416 fuit,
554 2374 648 2405 non
675 2360 809 2405 simul
844 2362 1069 2405 sancitum
1094 2358 1260 2416 fuisse7
1301 2372 1543 2419 quousque
1570 2373 1686 2419 per—

110 2426 274 2471 durare
300 2425 422 2469 illam
454 2428 704 2486 oporteat?
742 2426 893 2481 Quoto
932 2428 1070 2486 igitur
1109 2441 1229 2472 anno
1254 2425 1461 2483 Maj0res
1489 2425 1691 2471 evadant

109 2492 265 2553 Reges
292 2492 553 2552 Hungariae
572 2494 595 2539 ἶ)
632 2508 721 2539 nec
752 2493 860 2554 lege
886 2493 1007 2550 ulla,
1059 2493 1142 2538 sed
1178 2508 1331 2554 neque
1369 2491 1687 2548 observantia,

147 2603 182 2644 ὃ)
206 2605 298 2637 Vide
321 2605 420 2638 1715.
446 2605 479 2638 3.
505 2625 548 2630 -—
572 2607 675 2639 1723.
698 2607 732 2639 3.
758 2605 858 2640 1741.
878 2607 910 2640 8.
937 2608 1039 2639 1791.
1061 2607 1115 2639 10.
1145 2610 1180 2638 et
1201 2606 1299 2638 univ.
1318 2607 1440 2648 lnaug.
1458 2606 1553 2647 Dipl.

144 2650 181 2691 b)
206 2653 262 2705 De
298 2652 408 2709 napis
433 2650 531 2685 1543.
554 2657 588 2685 et
615 2652 725 2694 1542„
760 2663 911 2695 quornm
947 2653 1106 2685 meminit
1138 2653 1231 2685 inter
1262 2653 1352 2685 alios
1386 2654 1587 2693 Hormeyer
1622 2649 1686 2691 Op.

146 2744 176 2784 c)
203 2698 457 2822 {atbiffetrffpud
480 2744 682 2832 ltlognigj'ei·
705 2746 768 2788 Op.
796 2745 854 2779 cit.
881 2746 914 2778 in
934 2746 1046 2778 Mant.
1078 2746 1291 2778 Docunient.
1318 2744 1414 2778 xw.
1433 2749 1470 2779 et
1495 2744 1688 2776 Schriitter

246 2798 513 2832 p.epag.c1.
565 2816 571 2823 .
624 2817 631 2825 .
1603 2799 1607 2803 ’
