1941 3143
1608 108 1702 154 221

234 219 390 259 sionem
422 215 622 257 faciebant
642 215 709 270 a),
742 228 830 256 cum
864 216 1084 257 Judicibus
1115 216 1327 257 Nobilium
1359 214 1544 270 ejusdem
1576 216 1710 256 fuisse

233 275 414 315 instituti
447 275 641 326 putabant
675 275 881 326 Szegedy,
924 274 1017 323 Bel,
1061 275 1270 326 Szaszky,
1310 279 1348 312 et
1379 273 1530 325 quibus
1562 273 1710 313 horum

232 333 466 383 opinionem
499 331 686 381 amplecti
731 331 864 368 visum
899 337 980 379 θεῖς
1024 338 1063 369 at
1104 331 1352 370 contrarium
1387 330 1566 369 ostendit
1598 330 1709 369 Kol-

231 389 376 436 hit-b),
408 401 487 426 non
521 387 649 434 enim,
695 392 736 425 ut
779 388 854 425 istc
898 388 976 425 rite
1018 388 1210 426 observat
1252 401 1272 426 e
1312 387 1512 439 Regestro
1552 386 1706 438 Magno

230 444 521 490 Varadimnsi,
553 445 602 482 ad
635 444 741 493 quod
776 443 930 481 laudati
963 444 1196 494 Scriptores
1220 443 1484 494 potissimum
1510 455 1709 494 respexe—

232 507 342 549 runt,
375 500 438 539 vel
469 513 549 539 uno
583 499 766 550 exemplo
800 499 937 538 doceri
969 506 1117 550 potest,
1151 500 1308 539 Bilotos
1340 511 1487 539 causas
1516 500 1709 539 servien-

231 559 332 598 tium
365 557 587 609 regiorum,
619 557 709 595 sive
740 555 952 595 Nobilium
986 569 1161 607 unquam
1201 557 1461 610 cognovisse.

809 682 856 737 ᾗ.
898 683 1008 729 702.

581 798 863 866 Samnaga-ie
898 805 1232 841 recensentur.

256 911 438 957 Summa
465 909 750 970 agendorum
777 912 822 955 in
849 911 1015 970 quovis
1034 907 1264 955 Comitatu
1290 923 1374 969 pro
1403 910 1709 967 uniusqu'us-

121 992 209 1038 que
260 981 535 1023 extensione
573 977 797 1038 pluribus,
831 977 1128 1037 paucioribus
1168 976 1434 1033 ordinariis7
1473 983 1519 1022 et
1554 977 1706 1022 Vice-

117 1044 356 1089 Judicibus
383 1044 615 1090 Nobilium
642 1044 874 1089 admensis
893 1078 905 1101 a
943 1046 990 1088 in
1018 1043 1454 1089 determinationum
1492 1043 1708 1105 publica-

119 1125 234 1168 rum„
262 1118 338 1156 aut
365 1127 389 1156 a
416 1111 744 1172 Superioribus
773 1111 858 1157 sibi
895 1113 1250 1156 commissorum
1278 1113 1559 1156 executione
1588 1126 1707 1157 con—

120 1180 254 1224 sistit.
293 1178 344 1224 In
382 1179 537 1223 officio
574 1186 822 1239 praeterea
849 1178 1055 1235 Judicis‚
1095 1193 1199 1223 nam
1237 1184 1283 1223 et
1321 1192 1486 1224 causas
1528 1177 1710 1224 habue-

118 1252 225 1290 runt
274 1260 358 1292 suo
408 1245 590 1290 Judicio
641 1252 870 1308 tamquam
910 1248 1086 1307 primae
1124 1245 1377 1291 Instantiae
1429 1248 1708 1305 assignatas.

117 1311 372 1358 Praeterea
397 1310 735 1371 Vice-Comiti‚
775 1313 861 1359 hac
887 1315 933 1358 in
959 1313 1167 1374 Sphaera
1203 1315 1442 1369 versanti5
1482 1320 1710 1374 tamquam

120 1379 370 1437 Cojudices
399 1379 641 1426 adlaterati
669 1388 785 1427 sunt.
826 1381 869 1426 A
905 1395 995 1442 quo
1025 1387 1176 1425 autem
1213 1388 1423 1441 tempore
1450 1380 1588 1440 Regii
1614 1380 1707 1426 ho-

119 1449 299 1504 mines„
337 1462 362 1492 a
387 1447 556 1493 Mathia
589 1446 792 1495 Corvino
834 1462 919 1508 pro
959 1447 1153 1507 singulis
1178 1446 1493 1493 ,Comitatibus
1531 1450 1706 1494 eumin

121 1513 258 1559 finem
313 1517 553 1561 constituti
596 1516 666 1574 O„
707 1514 866 1561 aboliti
917 1514 1133 1572 fuerunt„
1173 1522 1449 1575 cautumque
1499 1514 1612 1572 fuit„
1657 1522 1707 1561 ut

122 1581 318 1638 Comes,
357 1589 434 1628 aut
470 1581 812 1639 vice-Comes„
853 1589 898 1627 et
922 1582 1110 1627 Judices
1137 1581 1371 1628 Nobilium
1397 1584 1443 1627 in
1469 1584 1583 1644 ipsis
1612 1582 1705 1629 Se—

121 1648 252 1694 dibus
277 1648 540 1694 Judiciariis
580 1650 759 1695 Judicia
799 1649 1157 1707 administrare,
1198 1649 1311 1695 alias
1349 1651 1487 1695 etiam
1525 1665 1707 1695 execu-

122 1718 277 1761 tiones
311 1716 592 1773 judiciales„
633 1719 735 1762 sive
777 1718 1132 1761 commissiones
1173 1716 1331 1761 facere
1358 1723 1604 1762 teneantur
1646 1714 1707 1775 ἃ),

121 1783 177 1828 ad
202 1785 516 1841 integritatem
555 1783 736 1828 ferendi
774 1785 820 1828 in
858 1782 949 1828 hoc
987 1783 1200 1828 tribunali
1236 1782 1402 1828 Judicii
1439 1787 1708 1844 praesentia

119 1849 295 1895 Judicis
322 1848 555 1895 Nobilium
581 1852 852 1895 necessaria
883 1857 1115 1896 evaserat.
1155 1850 1228 1895 Ad
1264 1850 1380 1894 haec
1406 1850 1522 1896 adde
1550 1853 1707 1912 inqui-

118 1918 313 1961 sitiones
358 1918 602 1976 politicas‚
651 1924 696 1962 et
731 1917 978 1974 judiciales
1027 1917 1083 1961 ad
1121 1917 1350 1977 publicam
1394 1932 1488 1964 non
1536 1921 1703 1976 minus,

120 1988 256 2042 atque
282 1984 570 2043 privatorum
598 1986 896 2029 securitatem
922 1984 1307 2029 manutenendam
1325 2019 1337 2041 .)
1376 1986 1421 2030 in
1459 1988 1702 2047 exemplo:

123 2052 191 2094 rei
217 2050 458 2111 pupillaris
477 2085 490 2108 7
529 2051 634 2095 huic
672 2053 922 2097 eveniente
950 2066 1059 2097 casu
1095 2053 1389 2097 instantanee
1417 2067 1501 2114 per
1526 2053 1705 2100 Inven-

121 2119 237 2162 taria
264 2117 611 2175 succurrend03
650 2124 695 2170 et
735 2133 852 2178 quae
892 2126 997 2164 sunt
1033 2118 1241 2179 reliqua,
1278 2119 1384 2165 hinc
1409 2120 1699 2181 profluentia.

802 2272 846 2327 ὃ.
889 2272 1000 2318 703.

615 2371 653 2416 A
657 2370 825 2428 yenda
861 2372 1202 2417 Jurccssorum.

246 2482 321 2529 Ad
344 2485 462 2541 ista,
502 2497 619 2545 quae
658 2484 980 2529 recensuimus
1004 2517 1016 2540 7
1054 2484 1143 2529 rite
1184 2498 1239 2530 ac
1279 2483 1486 2544 legitime
1526 2498 1701 2546 prose-

115 2550 296 2610 quenda
345 2558 575 2613 tamquam
623 2552 670 2596 in
714 2550 1011 2609 Adjutorium
1059 2554 1299 2599 constituti
1349 2559 1455 2600 sunt
1492 2552 1701 2599 Jurati

149 2691 183 2732 ὅ·)
212 2694 312 2727 1222.
342 2696 373 2727 5.

149 2748 185 2787 ¹³)
210 2751 305 2783 Htst.
333 2751 411 2782 Jur.
439 2750 534 2793 publ.
560 2753 710 2785 Amoen.
738 2752 780 2786 V.
808 2752 851 2785 11.
876 2751 958 2787 Sec.
984 2753 1043 2787 IV.
1071 2753 1108 2788 C.
1135 2753 1177 2786 V.
1205 2763 1239 2796 p.
1267 2752 1322 2789 46.
1349 2758 1385 2788 et
1411 2761 1488 2796 seq.

149 2806 178 2846 c)
205 2806 306 2840 1486.
333 2808 364 2839 8.

148 2861 183 2904 d)
213 2861 315 2898 1492.
341 2865 397 2898 53.
