1941 3143
1591 97 1681 143 143

211 207 375 258 castris,
406 205 613 258 eut-iisque
644 205 927 246 custodiendis
949 203 1246 258 adplicuerunt.
1278 205 1460 247 Litterae
1483 207 1684 259 equidem,

209 267 357 317 quibus
389 265 711 305 elibertationem
737 265 987 312 obtinebant,
1018 276 1157 303 omnes
1189 265 1399 316 stringunt
1430 266 1477 304 ad
1503 266 1683 305 officium

212 323 378 374 vigilias
411 322 582 374 agendi,
625 328 745 373 utque
786 321 1020 369 dominum,
1073 321 1120 359 ad
1155 321 1304 360 bellum
1345 320 1685 372 proficiscentem,

207 380 353 417 armati
395 379 663 427 comitentur3
710 378 874 416 additur
918 382 1128 428 praeterea
1172 377 1411 430 plerumque
1454 377 1685 418 litterarum

209 435 463 486 deportatio,
510 434 668 486 aliaque
711 434 938 473 levidensia
981 434 1166 476 servitia.
1213 435 1352 486 Itaque
1396 435 1492 473 haec
1525 447 1683 486 quoque

208 491 416 530 hominum
450 491 598 531 classis
631 490 968 530 exercituantium
1002 503 1145 542 agmen
1178 504 1257 531 non
1283 493 1576 531 contemnendo
1600 504 1684 530 nu-

209 561 319 587 mero
351 549 547 599 augebat,
589 553 764 600 quantus
796 560 894 585 vero
927 559 1017 585 esse
1050 548 1216 597 debeat,
1259 549 1388 601 Regni
1420 548 1683 601 congregatio

209 618 284 656 pro
315 605 473 644 ratione
505 604 796 659 adjunctorum
829 603 981 643 defixit.

787 729 834 785 §.
875 729 987 775 562.

660 841 876 890 Articuli
905 841 961 890 8.
995 841 1133 887 1715.

232 968 467 1027 Eundem,
515 984 650 1032 quem
689 970 926 1027 dedimus,
973 969 1093 1028 legis
1134 968 1443 1030 explicatum,
1483 968 1690 1030 amplum.

98 1036 281 1097 quidem
331 1037 557 1082 interdum
609 1037 936 1098 disceptationi
995 1050 1202 1097 campum
1252 1035 1493 1097 adperuit,
1556 1037 1680 1082 illum

95 1110 248 1149 tamen
288 1119 397 1150 usus
439 1112 547 1165 post
601 1104 794 1150 eandem
847 1102 1076 1149 conditam
1128 1098 1382 1164 Perpetuus
1425 1103 1678 1149 confirmat.

95 1170 332 1231 Quotquot
379 1174 500 1215 enim
548 1171 602 1216 ab
654 1187 710 1217 eo
760 1179 970 1232 tempore
1021 1171 1066 1214 in
1114 1172 1485 1230 praesentiarum
1532 1186 1680 1232 usque

94 1237 246 1298 Regni
273 1238 647 1283 Insurrectiones
674 1238 826 1283 locum
853 1238 1056 1283 habuere
1074 1271 1086 1294 ,
1126 1236 1274 1282 relate
1303 1237 1359 1282 ad
1384 1236 1595 1296 Nobiles,
1636 1246 1682 1285 et

94 1320 211 1366 quos
239 1305 328 1350 hoc
355 1306 540 1349 nomine
565 1305 698 1364 leges
727 1304 1151 1366 comprehendunt,
1190 1304 1456 1364 personalis
1489 1312 1679 1364 tantum,

94 1371 246 1432 quoad
271 1372 590 1432 privilegiatas
615 1372 905 1432 popularium
934 1372 1111 1416 classes
1138 1373 1494 1432 proportionata
1520 1374 1680 1419 insur-

93 1442 297 1498 gentium
336 1439 525 1485 militum
566 1442 783 1497 statutIO,
835 1438 1140 1485 Praedialium
1195 1439 1303 1483 item
1345 1438 1401 1483 ad
1440 1438 1679 1487 Ecclesias

95 1513 199 1552 actu
238 1507 570 1566 spectantium,
623 1514 668 1552 et
706 1507 1042 1553 Banderiorum
1085 1505 1298 1551 Croatiae
1333 1506 1466 1564 juxta
1504 1522 1681 1553 morem

91 1581 303 1619 veterem
330 1575 636 1620 exercituatio
672 1590 757 1635 pro
785 1574 926 1635 legali
954 1573 1240 1633 obligatione
1275 1575 1521 1633 recognita
1549 1582 1679 1631 sunt,

91 1643 273 1686 tametsi
312 1641 432 1687 ultra
481 1641 599 1686 hanc
645 1649 806 1688 nostra
849 1644 1014 1698 etiam,
1068 1646 1341 1702 patrumque
1392 1647 1544 1687 aetate
1585 1658 1680 1688 non

91 1707 324 1754 defuerint
385 1708 796 1769 pulcherrimarum
861 1708 1175 1763 oblationum,
1251 1707 1679 1770 sacrificiorumque

91 1776 335 1836 exempla,
375 1775 552 1834 Regis,
593 1783 638 1820 et
665 1776 846 1821 Patriae
887 1775 1193 1821 incolumitati
1232 1772 1410 1831 dicata,
1451 1790 1567 1836 quae
1593 1792 1678 1838 pro

89 1844 284 1902 periculi
311 1842 642 1901 magnitudine,
682 1845 933 1889 universae
960 1839 1261 1888 Monarchiae
1300 1842 1584 1901 imminente,
1624 1859 1678 1890 ea

91 1915 244 1954 tamen
272 1924 456 1970 semper
483 1924 583 1954 cum
611 1910 790 1956 cautela
818 1910 922 1955 data
949 1909 1100 1966 fuere,
1136 1923 1193 1953 ne
1223 1909 1391 1953 exinde
1421 1910 1677 1971 obligatio—

93 1990 198 2020 nem
224 1990 381 2022 secum
408 1975 595 2022 trahens
621 1991 705 2037 pro
734 1976 889 2023 futuro
917 1977 1254 2037 consequentia
1281 1976 1405 2022 necti
1430 1977 1588 2024 valeat
1617 1979 1675 2037 ³).

780 2112 827 2166 ξ.
867 2111 979 2157 563.

438 2224 513 2269 De
553 2226 703 2270 Tamis
745 2225 884 2271 Cleri
911 2238 1009 2283 pro
1041 2224 1319 2282 fortalitiis.

225 2350 326 2396 Jam
353 2351 434 2397 sub
462 2350 630 2399 Carolo
658 2352 711 2410 1.,
739 2351 966 2398 etMathia
995 2350 1199 2398 Corvino
1221 2353 1379 2398 Taxae
1407 2355 1674 2414 quaedama

93 2417 222 2464 Statu
251 2420 573 2466 ecclesiastico
590 2420 721 2465 titulo
736 2420 1031 2476 decimarum,
1050 2419 1105 2465 ad
1125 2420 1322 2466 Patriam
1338 2420 1675 2469 defendendam

94 2491 305 2543 exactae,
332 2489 589 2548 iterumque
609 2486 806 2532 abolitae
833 2487 1020 2533 fuerunt
1059 2486 1116 2546 ¹³).
1156 2487 1673 2549 Evenitpostea,hoste

90 2553 275 2597 viscera
291 2553 441 2613 Regni
462 2554 727 2611 invadente,
753 2561 980 2601 utvetera
998 2555 1073 2601 illa
1100 2555 1416 2601 Praelatorum
1445 2556 1673 2604 Banderia

91 2620 275 2679 penitus
301 2621 639 2679 interciderint,
667 2621 858 2683 solaque
894 2625 1114 2669 memoria
1153 2631 1472 2686 superessent.
1510 2627 1572 2671 At
1597 2625 1672 2671 ubi

133 2776 165 2817 ⁵¹)
194 2777 294 2813 1741.
319 2779 374 2813 63.
398 2795 444 2801 -—-
469 2779 569 2812 1796.
593 2781 627 2815 2.
654 2801 696 2807 -—
725 2782 825 2818 1805.
847 2786 879 2818 1.
906 2788 941 2818 et
965 2785 997 2817 2.
1024 2803 1068 2809 —
1094 2783 1195 2818 1808.
1220 2785 1254 2820 2.
1276 2787 1312 2817 et
1328 2784 1359 2817 5.

132 2836 165 2873 ¹¹)
194 2835 294 2871 1329.
322 2837 375 2871 19.
400 2856 446 2862 —
473 2835 574 2872 1471.
598 2836 657 2872 24.
