1941 3143
215 43 307 90 132

209 156 375 215 vagiS‚
414 168 468 200 ac
507 153 703 216 publicis
744 155 1121 202 malefactoribus
1165 157 1224 215 ⁸),
1251 159 1327 218 qui
1375 164 1526 204 autem
1565 163 1664 202 atro
1715 155 1805 204 hoc

213 222 394 268 calculo
422 229 672 281 notentur,
713 224 976 285 complures
1014 224 1194 270 articuli
1229 228 1425 287 sparsim
1453 224 1699 272 declarant
1740 225 1800 282 ¹³).

904 322 950 378 ξ.
997 323 1104 368 173.

585 404 834 459 Quasdam
862 410 1182 464 ezeeple'ones
1205 407 1426 453 subeunt.

347 487 512 532 Relate
539 500 680 548 porro
709 488 765 532 ad
790 487 901 533 Jura
929 488 1083 534 civilia
1111 488 1302 535 Nobiles
1334 492 1428 548 jam
1456 490 1802 535 indiscrimina-

210 556 290 599 tim
331 554 629 599 contribuere
682 555 946 615 obligantur
990 558 1062 614 ο).
1102 571 1189 602 nec
1240 560 1388 603 minus
1436 573 1591 603 coram
1634 558 1802 613 civico‚

208 621 288 667 vel
315 621 495 678 altero,
534 637 619 683 per
658 625 1010 669 recentissimas
1048 624 1180 683 leges
1223 623 1264 683 d)
1305 625 1577 685 designato.
1622 624 1800 684 judicio

206 689 532 750 respondere,
586 705 611 734 a
662 698 922 736 mercatura
976 691 1174 752 denique
1229 700 1545 753 quaestuosa.
1585 701 1634 740 ut
1686 691 1803 736 alter

209 759 381 816 quivis,
409 759 674 803 tricesimae
700 759 907 819 vectigal
940 759 1206 820 dependere
1251 762 1307 818 ⁰).

902 858 949 913 ξ.
995 860 1101 904 174.

250 939 470 998 Propria
496 940 792 986 Nobilitatis
803 943 931 996 jura
958 941 1062 986 alia
1084 939 1408 998 personalia,
1449 939 1552 986 alla
1577 939 1751 986 realia.

342 1036 501 1082 Prisca
540 1038 647 1093 illa,
689 1052 742 1082 ac
782 1039 939 1095 varia7
996 1044 1038 1082 et
1079 1037 1346 1098 multiplicia
1386 1036 1650 1083 Nobilitatis
1688 1037 1798 1082 Jura

206 1103 386 1163 reliqua
412 1106 458 1149 in
494 1119 637 1164 pers
659 1119 733 1149 on
754 1105 907 1162 alia,
949 1111 1009 1150 et
1048 1105 1254 1150 realia
1283 1105 1523 1150 commode
1563 1105 1798 1165 dispesci-

205 1185 331 1215 mus:
372 1170 507 1226 Quod
533 1171 731 1217 Nobiles
760 1174 874 1228 sint,
914 1179 963 1217 ut
990 1172 1090 1218 Lex
1116 1173 1250 1229 dicit,
1279 1172 1479 1217 membra
1508 1187 1670 1217 sacrae
1699 1171 1797 1217 Co—

203 1252 381 1296 ronae„
422 1246 468 1285 et
521 1242 567 1284 in
608 1238 941 1297 Comitatibus7
995 1243 1039 1285 in
1086 1240 1248 1300 quibus
1293 1239 1570 1284 domicilium
1611 1239 1796 1295 habent,

206 1312 284 1351 aut
308 1305 429 1351 bona
458 1313 619 1353 tenent
637 1341 650 1364 ,
690 1308 939 1353 collective
967 1307 1194 1368 publicam
1223 1309 1505 1352 constituant
1532 1307 1682 1366 Regni
1709 1307 1798 1351 Ju-

203 1371 547 1420 risdictionem:
588 1374 721 1429 Quod
749 1374 1015 1434 singillatim
1043 1374 1147 1419 huic
1175 1374 1350 1431 solume
1393 1382 1437 1419 et
1462 1374 1621 1434 legali,
1662 1389 1797 1434 quem

202 1442 294 1501 ipsi
334 1441 542 1501 eligunt,
579 1440 905 1501 Magistratui7
945 1442 1207 1487 immediate
1250 1442 1455 1487 subsint:
1506 1440 1799 1488 Comitaten-

205 1510 303 1565 sia,
343 1516 388 1554 et
415 1509 503 1554 alia
539 1511 714 1570 passim
754 1509 1010 1555 illustriora
1053 1510 1204 1556 officia
1239 1512 1327 1571 ipsi
1365 1510 1586 1556 duntaxat
1627 1524 1798 1569 gerere

202 1576 394 1622 valeant
441 1574 508 1634 ῆς
551 1576 684 1631 Quod
717 1578 798 1623 vel
834 1579 880 1622 in
906 1592 1140 1637 persona„
1178 1578 1257 1623 vel
1291 1577 1442 1623 medio
1483 1592 1671 1622 suorum
1696 1577 1799 1622 Re-

205 1645 606 1703 praesentantium
657 1644 713 1689 ad
765 1644 1111 1704 legislationem
1149 1647 1193 1689 in
1235 1644 1443 1690 Comitiis
1490 1652 1796 1699 concurrant3

204 1713 408 1770 propriis
437 1711 679 1769 gentilitiis
707 1713 874 1768 armis,
914 1719 1051 1772 atque
1079 1711 1338 1771 insignibus
1365 1718 1577 1757 utantur:
1605 1712 1796 1767 Domus,

204 1781 452 1840 curiasque
509 1778 792 1836 eorundem,
856 1780 987 1825 velut
1030 1781 1182 1826 civilia
1225 1779 1450 1840 quaedam
1489 1782 1693 1825 sacraria
1731 1805 1797 1811 —-

204 1847 294 1890 nisi
321 1848 367 1890 in
394 1845 578 1892 casibus
609 1847 759 1904 (172)
789 1846 1003 1892 indicatis
1028 1873 1097 1880 —-
1121 1847 1345 1892 invadere
1363 1881 1375 1903 .
1413 1847 1689 1907 violareque
1717 1849 1796 1892 in-

202 1911 484 1969 terdicatur‚
524 1920 570 1958 et
596 1913 682 1958 hae
710 1917 840 1974 ipsae
868 1928 891 1958 a
919 1914 1136 1959 militibus
1164 1913 1365 1974 hospitio
1392 1914 1675 1973 recipiendis
1702 1916 1794 1958 im-

203 1993 365 2025 munes
406 1983 497 2025 sint
539 1980 610 2037 ⁸):
650 1980 915 2026 Immunitas
954 1995 1096 2041 porro
1133 1995 1156 2025 a
1198 1982 1403 2035 telonio,
1443 1987 1489 2025 et
1526 1982 1663 2026 naulo
1693 1980 1795 2025 sol-

203 2047 358 2093 vendo
403 2046 477 2105 1“);
516 2046 731 2093 Facultas
772 2050 909 2093 etiam
949 2048 1071 2093 bona
1111 2047 1372 2094 nobilitaria
1413 2048 1670 2108 aquirendi,
1710 2046 1795 2092 fir-

204 2117 432 2175 miterque
459 2115 648 2160 tenendi
673 2115 941 2176 personalia
970 2122 1115 2161 erant.
1157 2115 1250 2162 Sed
1271 2117 1348 2173 jus
1383 2115 1675 2162 terrestrale.
1704 2128 1794 2174 quo

203 2181 385 2228 Nobilis
436 2182 631 2228 similem
675 2185 900 2228 territorii
948 2191 1127 2244 partem
1163 2183 1413 2243 possidet,
1453 2190 1498 2228 et
1535 2197 1652 2243 quae
1691 2181 1797 2226 huic

205 2249 563 2296 innectebantur
613 2252 954 2307 immunitates,
994 2259 1039 2296 et
1079 2252 1327 2312 privilegia
1353 2265 1547 2312 prorsus
1587 2251 1797 2310 egregia,

202 2318 380 2363 realem
419 2320 521 2377 ejus
561 2318 825 2364 libertatem
863 2318 1155 2377 efficiebant,
1194 2334 1361 2366 verum
1387 2325 1433 2364 et
1458 2317 1602 2374 haec,
1630 2324 1676 2362 et
1702 2317 1795 2371 illa,

242 2429 274 2465 ²)
299 2429 400 2462 1546.
430 2432 486 2463 25.
514 2433 615 2465 1655.
640 2432 697 2464 38.
725 2452 768 2456 —-
798 2433 896 2465 1687.
926 2431 979 2466 14.
1009 2437 1045 2465 et
1071 2434 1183 2467 aliae(

241 2475 279 2516 b)
306 2478 343 2508 P.
374 2478 397 2508 1.
427 2482 466 2509 tt.
496 2479 529 2512 9.
557 2499 594 2503 —
628 2480 729 2512 1625.
756 2479 808 2511 13.
836 2479 866 2521 ξ.
893 2479 925 2511 4.
957 2484 993 2512 et
1018 2491 1094 2523 seq.
1124 2482 1223 2515 1723.
1253 2482 1284 2513 5.

240 2521 276 2560 c)
305 2522 404 2556 1848.
431 2525 461 2556 8.

243 2566 280 2608 ⁴¹)
307 2571 399 2602 Anni
425 2571 586 2611 eJ'usdem
613 2570 667 2602 23.
696 2574 731 2602 et
756 2573 810 2605 27.
837 2572 868 2613 ξ.
893 2574 924 2605 2.

243 2613 277 2653 ⁶)
305 2618 407 2650 1559.
434 2615 488 2650 44.
517 2631 560 2638 —
588 2617 688 2649 1638.
715 2616 772 2651 49.

245 2658 278 2699 s)
308 2664 407 2698 1723.
435 2665 488 2697 56.
516 2681 561 2686 —
586 2664 616 2704 ξ.
645 2664 677 2695 3.

243 2708 280 2748 ε)
307 2708 410 2743 1486.
436 2711 491 2744 62.
528 2726 573 2730 -2
600 2711 701 2742 1567.
727 2711 782 2746 39.
820 2728 864 2736 μ-
890 2710 990 2743 1635.
1018 2707 1072 2741 46.
1097 2726 1142 2731 —
1168 2709 1268 2741 1662.
1305 2708 1357 2741 13.
1384 2707 1544 2748 aliaeque
1571 2704 1616 2736 ibi
1643 2704 1700 2736 cit.
1727 2703 1793 2742 leg.

245 2754 280 2797 h)
308 2755 409 2789 1498.
439 2757 497 2790 35.
522 2773 567 2778 —
595 2757 698 2789 1618.
727 2760 782 2792 59.
815 2775 860 2780 —-
889 2758 992 2791 1625.
1016 2756 1071 2789 36.
1100 2772 1145 2777 —·
1173 2755 1346 2788 1635.71.
1374 2752 1599 2787 -1715.15.
1625 2767 1669 2773 -
1695 2747 1794 2785 1723-

302 2804 358 2838 15.
380 2817 426 2827 ““““”“
451 2800 554 2839 1764ο
578 2802 611 2837 9ο
637 2806 705 2837 etc·
