1941 3143
254 155 346 202 194

248 266 438 324 scribit.
479 271 671 313 auctore
707 264 1003 311 Ferdinando
1048 266 1111 321 1.,
1150 267 1226 327 qui
1254 265 1681 329 Archi-Episcopis
1718 266 1844 314 Stri-

245 334 550 393 goniensibus
578 334 699 379 hunc
728 333 933 389 titulum.
976 334 1342 395 dignitatemque
1371 341 1664 395 competere.
1706 335 1842 382 editis

245 405 292 446 in
338 417 435 447 rem
481 402 668 447 Litteris
710 404 1038 460 recognoscit.
1090 417 1204 462 quas
1257 404 1377 463 l'ray
1419 406 1459 459 ἦ)
1507 418 1566 447 ex
1618 403 1839 464 professo

241 483 388 527 agens
444 477 532 515 tam
587 469 642 513 de
688 468 975 514 CancellarIa
1015 469 1194 527 Regum
1242 472 1424 530 priscae
1467 473 1665 526 aetatis,
1704 486 1838 531 quam

244 536 300 581 de
328 540 507 592 summi.
549 542 593 580 et
620 537 875 581 Secretarii
912 535 1187 581 Canceliarii
1216 539 1419 596 origine.
1459 544 1504 582 et
1543 537 1650 584 satis
1678 538 1840 596 nitide,

242 618 328 665 pro
357 618 493 649 more
522 617 607 649 suo
628 638 641 662 7
682 610 728 649 et
756 602 937 648 erudite
966 610 1038 650 est
1065 611 1412 650 commentatus.

945 739 992 795 ᾗ.
1034 740 1147 787 652.

543 838 814 884 Recentz‘or
856 839 1205 884 Cancellare'ae
1240 841 1544 885 Auctoritas.

375 934 446 980 Ex
472 948 562 995 quo
604 933 817 979 Viennae
856 935 1013 980 sedem
1050 936 1154 981 Rex
1179 935 1445 994 IIungariae
1486 935 1669 991 fixerat,
1708 935 1841 983 Eun-

240 1002 341 1048 dem
363 1001 651 1047 Cancellaria
679 1017 863 1061 quoque
891 1003 1038 1061 Regia
1067 1018 1122 1047 eo
1153 1005 1370 1047 comitata
1397 1009 1498 1055 est3
1526 1009 1842 1063 coeperatque

241 1073 413 1115 sensim
456 1070 557 1125 ejus
597 1068 956 1128 independentia
985 1085 1085 1114 cum
1113 1069 1280 1129 agendi
1317 1076 1552 1129 potestate
1581 1076 1839 1130 temporum

240 1139 409 1194 injuria
431 1137 526 1192 jam
556 1136 651 1192 jam
680 1135 1031 1192 collabescere„
1074 1152 1174 1182 cum
1213 1135 1486 1196 urgentibus
1522 1136 1673 1197 Regni
1701 1138 1843 1183 Ordi-

239 1204 372 1249 nibus
401 1202 483 1248 sub
512 1201 683 1247 Mathia
711 1202 766 1246 ΙΙ.
798 1205 996 1264 pristino
1035 1207 1191 1264 vigori
1218 1207 1384 1249 iterum
1411 1206 1623 1249 restituta
1652 1204 1736 1249 fuit
1778 1203 1839 1264 ¹³).

239 1271 295 1316 Et
336 1284 426 1331 quo
469 1269 644 1314 firmior
683 1269 908 1332 deinceps
938 1272 1191 1329 evaderet.
1232 1287 1285 1316 ac
1324 1271 1562 1328 stabilior,
1602 1271 1841 1317 decretum

237 1346 512 1400 praeterea:
552 1343 602 1382 ut
642 1339 681 1383 si
720 1353 838 1398 quae
875 1341 919 1384 in
947 1339 1086 1385 rebus
1123 1340 1421 1397 hungaricis.
1461 1338 1515 1383 ab
1558 1338 1658 1384 aliis
1686 1339 1838 1384 Aulae

243 1407 514 1451 i)icaste1·iis
567 1405 897 1466 expeditiones
940 1407 1133 1463 fierent,
1183 1409 1276 1454 vim
1312 1406 1482 1451 nullam
1534 1405 1734 1451 habeant
1778 1407 1836 1464 ⁰).

234 1472 346 1523 His„
387 1478 525 1532 atque
568 1472 670 1518 aliis
708 1473 891 1532 legibus
935 1472 1008 1532 d),
1059 1473 1559 1534 Instructionilmsque,
1587 1488 1700 1534 quas
1730 1472 1835 1520 edi—

239 1541 404 1585 derunt
432 1540 699 1599 Leopoldus
726 1539 759 1584 Ι.
779 1575 790 1597 ‚
822 1540 1019 1586 Carolus
1046 1543 1123 1587 VI.
1152 1541 1298 1587 Maria
1327 1541 1550 1587 Theresia
1570 1575 1581 1586 .
1610 1548 1655 1586 et
1682 1540 1835 1586 Fran-

237 1611 390 1653 ciscus
418 1607 450 1651 I.
496 1606 818 1652 Cancellariae
860 1612 1163 1666 constitutio7
1203 1617 1340 1668 atque
1369 1611 1623 1653 auctoritas
1661 1610 1837 1654 innite-

236 1674 396 1728 batur.
438 1674 683 1734 eidemque
727 1690 750 1719 a
791 1676 894 1721 solo
923 1676 1055 1736 Rege
1084 1677 1392 1737 dependentia
1431 1676 1614 1720 adserta
1646 1676 1730 1720 fuit
1773 1676 1830 1733 θ).

235 1743 460 1802 Alioquin
504 1742 700 1786 dubitari
726 1756 819 1787 non
846 1750 1031 1804 potest,
1072 1743 1195 1805 quod
1232 1758 1447 1804 suprema
1489 1745 1590 1800 ejus
1618 1743 1833 1799 directio,

236 1816 282 1854 et
311 1811 507 1870 tempori
535 1809 835 1855 accomodata
863 1813 1094 1870 regulatio
1121 1838 1187 1843 -
1214 1811 1358 1858 salvis
1389 1809 1572 1870 legibus
1598 1837 1666 1842 —
1690 1824 1836 1871 prae-

238 1879 336 1923 cise
364 1877 420 1922 ad
446 1876 626 1936 Regem
652 1879 945 1938 pertinuerit.

935 2014 982 2069 ᾗ.
1023 2015 1135 2061 653.

786 2111 913 2168 Ε]ἰι3
955 2113 1267 2158 Com-mutio.

372 2207 652 2254 Constitutio
694 2209 929 2268 ejusdem.
982 2217 1228 2272 antequam
1268 2209 1637 2268 dissolveretur,
1676 2212 1738 2256 ita
1780 2224 1832 2256 se

232 2275 478 2322 habuerat:
519 2283 568 2321 ut
594 2285 730 2337 caput
758 2285 887 2323 esset
914 2277 1358 2324 Cancellarius
1397 2278 1636 2338 Regius
1673 2277 1832 2324 Hun-

232 2360 262 2404 g
280 2347 451 2389 arico
489 2344 675 2389 Aulic
693 2360 720 2390 u
739 2361 759 2391 s
782 2380 795 2403 ‚
835 2345 1049 2407 idemque
1076 2348 1373 2405 negotiorum
1401 2348 1600 2391 omnium
1629 2360 1686 2390 eo
1713 2359 1830 2406 per-

235 2415 474 2458 tinentium
500 2411 783 2458 moderator.
824 2413 921 2459 Isto
962 2413 1186 2469 absente.
1225 2413 1301 2458 vel
1331 2413 1548 2472 impedito
1589 2426 1724 2465 unus,
1752 2412 1830 2458 vel

236 2480 514 2539 quandoque
540 2505 608 2511 —
632 2479 765 2539 Rege
822 2483 882 2526 ita
921 2481 1116 2527 volente
1141 2507 1208 2513 —
1234 2480 1326 2525 bini
1367 2479 1457 2524 Pro
1475 2504 1504 2512 -
1523 2478 1831 2534 Caucellarii;

228 2545 301 2592 his
330 2562 431 2591 cum
460 2546 669 2607 suffragii
699 2549 808 2606 jure
852 2546 1150 2606 Consiliarii‚
1190 2562 1308 2610 quos
1354 2549 1493 2592 etiam
1529 2545 1831 2592 Referenda-

270 2688 302 2727 ὃ)
331 2688 446 2730 Opere
474 2689 516 2722 de
542 2690 654 2731 sigili.
682 2693 771 2732 neg.
799 2697 833 2724 et
859 2694 988 2735 Regin.
1016 2712 1058 2718 -——
1087 2694 1125 2725 1..
1152 2693 1194 2724 11.
1223 2692 1260 2724 C.
1287 2691 1345 2723 Vl.
1375 2700 1404 2731 p.
1431 2690 1510 2722 112.
1534 2707 1581 2713 -
1608 2692 1686 2724 120.

267 2744 303 2785 l¹)
334 2747 432 2779 1608.
461 2747 491 2778 9.
520 2751 556 2778 et
584 2749 637 2780 10.
665 2758 693 2781 a.
720 2758 748 2781 c.
778 2751 879 2783 1609.
905 2753 961 2785 21.

271 2803 302 2838 ⁰)
331 2805 396 2835 Cit.
426 2804 528 2836 1608.
553 2805 586 2836 9.

271 2858 304 2898 ¹¹)
336 2861 435 2894 1559.
462 2861 492 2892 9.
519 2880 561 2885 -
591 2861 690 2893 1563,
719 2861 772 2892 35.
798 2878 841 2882 ——
870 2862 969 2894 1618.
998 2863 1031 2893 8.

272 2916 304 2957 c)
334 2919 435 2950 1715.
465 2919 517 2950 17.
547 2916 645 2951 1741.
677 2918 729 2950 13.
