<?xml version="1.0" encoding="UTF-8"?>
<!DOCTYPE html PUBLIC "-//W3C//DTD XHTML 1.0 Transitional//EN"
    "http://www.w3.org/TR/xhtml1/DTD/xhtml1-transitional.dtd">
<html xmlns="http://www.w3.org/1999/xhtml" xml:lang="en" lang="en">
 <head>
  <title>
</title>
<meta http-equiv="Content-Type" content="text/html;charset=utf-8" />
  <meta name='ocr-system' content='tesseract 3.04.00' />
  <meta name='ocr-capabilities' content='ocr_page ocr_carea ocr_par ocr_line ocrx_word'/>
</head>
<body>
  <div class='ocr_page' id='page_1' title='image "./conspectusjurisp00czir_0152.png"; bbox 0 0 1941 3143; ppageno 0'>
   <div class='ocr_carea' id='block_1_1' title="bbox 153 57 252 108">
    <p class='ocr_par' dir='ltr' id='par_1_1' title="bbox 153 57 252 108">
     <span class='ocr_line' id='line_1_1' title="bbox 153 57 252 108; baseline 0.01 -1"><span class='ocrx_word' id='word_1_1' title='bbox 153 57 252 108; x_wconf 76' lang='lat'>102</span> 
     </span>
    </p>
   </div>
   <div class='ocr_carea' id='block_1_2' title="bbox 205 163 1752 1285">
    <p class='ocr_par' dir='ltr' id='par_1_2' title="bbox 205 163 1752 1285">
     <span class='ocr_line' id='line_1_2' title="bbox 205 163 1749 221; baseline -0.001 -15"><span class='ocrx_word' id='word_1_2' title='bbox 205 166 259 221; x_wconf 57' lang='grc' dir='ltr'>ἢ</span> <span class='ocrx_word' id='word_1_3' title='bbox 290 164 488 206; x_wconf 83' lang='lat' dir='ltr'>Kollerus</span> <span class='ocrx_word' id='word_1_4' title='bbox 532 166 631 206; x_wconf 85' lang='lat' dir='ltr'>haec</span> <span class='ocrx_word' id='word_1_5' title='bbox 674 165 822 205; x_wconf 86' lang='lat' dir='ltr'>demtis</span> <span class='ocrx_word' id='word_1_6' title='bbox 865 164 1098 214; x_wconf 83' lang='lat' dir='ltr'>Sandaliis‚</span> <span class='ocrx_word' id='word_1_7' title='bbox 1140 170 1177 204; x_wconf 88' lang='lat' dir='ltr'>et</span> <span class='ocrx_word' id='word_1_8' title='bbox 1222 163 1458 204; x_wconf 84' lang='lat' dir='ltr'>Tibialibus</span> <span class='ocrx_word' id='word_1_9' title='bbox 1504 175 1586 205; x_wconf 89' lang='lat' dir='ltr'>non</span> <span class='ocrx_word' id='word_1_10' title='bbox 1627 165 1749 205; x_wconf 85' lang='lat' dir='ltr'>modo</span> 
     </span>
     <span class='ocr_line' id='line_1_3' title="bbox 264 219 1749 278; baseline -0.002 -15"><span class='ocrx_word' id='word_1_11' title='bbox 264 223 489 274; x_wconf 81' lang='lat' dir='ltr'><strong>descripsit</strong></span> <span class='ocrx_word' id='word_1_12' title='bbox 519 222 864 270; x_wconf 77' lang='lat' dir='ltr'>diiigentissime‚</span> <span class='ocrx_word' id='word_1_13' title='bbox 899 234 1039 260; x_wconf 83' lang='lat' dir='ltr'>verum</span> <span class='ocrx_word' id='word_1_14' title='bbox 1071 222 1124 260; x_wconf 83' lang='lat' dir='ltr'>ad</span> <span class='ocrx_word' id='word_1_15' title='bbox 1153 219 1484 274; x_wconf 87' lang='lat' dir='ltr'>uniuscujusque</span> <span class='ocrx_word' id='word_1_16' title='bbox 1515 221 1749 278; x_wconf 68' lang='grc' dir='ltr'><strong><em>ἀρχέτυπον</em></strong></span> 
     </span>
     <span class='ocr_line' id='line_1_4' title="bbox 265 277 1750 331; baseline 0 -13"><span class='ocrx_word' id='word_1_17' title='bbox 265 280 307 318; x_wconf 92' lang='lat' dir='ltr'>in</span> <span class='ocrx_word' id='word_1_18' title='bbox 350 280 527 331; x_wconf 90' lang='lat' dir='ltr'>quinque</span> <span class='ocrx_word' id='word_1_19' title='bbox 575 279 751 318; x_wconf 82' lang='lat' dir='ltr'>Tabulis</span> <span class='ocrx_word' id='word_1_20' title='bbox 799 283 935 317; x_wconf 78' lang='lat' dir='ltr'>exacte</span> <span class='ocrx_word' id='word_1_21' title='bbox 982 277 1168 328; x_wconf 85' lang='lat' dir='ltr'>depicta,</span> <span class='ocrx_word' id='word_1_22' title='bbox 1213 277 1481 331; x_wconf 77' lang='lat' dir='ltr'>vulgavit-³).</span> <span class='ocrx_word' id='word_1_23' title='bbox 1534 281 1639 318; x_wconf 85' lang='lat' dir='ltr'>Sunt</span> <span class='ocrx_word' id='word_1_24' title='bbox 1678 277 1750 318; x_wconf 82' lang='lat' dir='ltr'>illa</span> 
     </span>
     <span class='ocr_line' id='line_1_5' title="bbox 266 334 1750 388; baseline 0.001 -14"><span class='ocrx_word' id='word_1_25' title='bbox 266 337 532 387; x_wconf 88' lang='lat' dir='ltr'>quantumvis</span> <span class='ocrx_word' id='word_1_26' title='bbox 566 348 666 386; x_wconf 90' lang='lat' dir='ltr'>pene</span> <span class='ocrx_word' id='word_1_27' title='bbox 699 335 865 388; x_wconf 86' lang='lat' dir='ltr'>singula</span> <span class='ocrx_word' id='word_1_28' title='bbox 896 335 1096 383; x_wconf 78' lang='lat' dir='ltr'>incertae,</span> <span class='ocrx_word' id='word_1_29' title='bbox 1135 334 1447 386; x_wconf 78' lang='lat' dir='ltr'>antiquissimae</span> <span class='ocrx_word' id='word_1_30' title='bbox 1477 334 1750 375; x_wconf 74' lang='lat' dir='ltr'>nihilominus</span> 
     </span>
     <span class='ocr_line' id='line_1_6' title="bbox 266 390 1750 444; baseline 0 -12"><span class='ocrx_word' id='word_1_31' title='bbox 266 393 466 444; x_wconf 87' lang='lat' dir='ltr'>originis,</span> <span class='ocrx_word' id='word_1_32' title='bbox 519 394 566 430; x_wconf 90' lang='lat' dir='ltr'>de</span> <span class='ocrx_word' id='word_1_33' title='bbox 607 392 756 443; x_wconf 88' lang='lat' dir='ltr'>quibus</span> <span class='ocrx_word' id='word_1_34' title='bbox 802 397 942 442; x_wconf 82' lang='lat' dir='ltr'>utpote</span> <span class='ocrx_word' id='word_1_35' title='bbox 983 397 1144 443; x_wconf 86' lang='lat' dir='ltr'>praeter</span> <span class='ocrx_word' id='word_1_36' title='bbox 1181 391 1396 443; x_wconf 85' lang='lat' dir='ltr'>Diploma,</span> <span class='ocrx_word' id='word_1_37' title='bbox 1456 390 1672 431; x_wconf 85' lang='lat' dir='ltr'>Uiadisiao</span> <span class='ocrx_word' id='word_1_38' title='bbox 1716 393 1750 432; x_wconf 93' lang='grc' dir='ltr'>Ι.</span> 
     </span>
     <span class='ocr_line' id='line_1_7' title="bbox 264 447 1749 501; baseline 0 -13"><span class='ocrx_word' id='word_1_39' title='bbox 264 457 475 501; x_wconf 84' lang='lat' dir='ltr'>regnante,</span> <span class='ocrx_word' id='word_1_40' title='bbox 508 448 752 497; x_wconf 83' lang='lat' dir='ltr'>confectum,</span> <span class='ocrx_word' id='word_1_41' title='bbox 785 449 990 500; x_wconf 87' lang='lat' dir='ltr'>pauloque</span> <span class='ocrx_word' id='word_1_42' title='bbox 1015 455 1107 488; x_wconf 87' lang='lat' dir='ltr'>ante</span> <span class='ocrx_word' id='word_1_43' title='bbox 1129 455 1412 500; x_wconf 86' lang='lat' dir='ltr'>provocatum,</span> <span class='ocrx_word' id='word_1_44' title='bbox 1443 447 1684 488; x_wconf 87' lang='lat' dir='ltr'>Hornekius</span> <span class='ocrx_word' id='word_1_45' title='bbox 1704 449 1749 500; x_wconf 80' lang='lat' dir='ltr'>b)</span> 
     </span>
     <span class='ocr_line' id='line_1_8' title="bbox 267 505 1750 559; baseline -0.001 -13"><span class='ocrx_word' id='word_1_46' title='bbox 267 513 305 546; x_wconf 89' lang='lat' dir='ltr'>et</span> <span class='ocrx_word' id='word_1_47' title='bbox 349 505 584 545; x_wconf 86' lang='lat' dir='ltr'>Chronicon</span> <span class='ocrx_word' id='word_1_48' title='bbox 639 505 1024 559; x_wconf 70' lang='lat' dir='ltr'>Salisburgensec)</span> <span class='ocrx_word' id='word_1_49' title='bbox 1070 519 1306 557; x_wconf 77' lang='lat' dir='ltr'>expressam</span> <span class='ocrx_word' id='word_1_50' title='bbox 1349 506 1399 543; x_wconf 87' lang='lat' dir='ltr'>ad</span> <span class='ocrx_word' id='word_1_51' title='bbox 1445 505 1634 544; x_wconf 86' lang='lat' dir='ltr'>Andreae</span> <span class='ocrx_word' id='word_1_52' title='bbox 1675 506 1750 545; x_wconf 92' lang='lat'>111.</span> 
     </span>
     <span class='ocr_line' id='line_1_9' title="bbox 270 561 1750 614; baseline 0 -12"><span class='ocrx_word' id='word_1_53' title='bbox 270 563 489 602; x_wconf 86' lang='lat' dir='ltr'>Venceslai</span> <span class='ocrx_word' id='word_1_54' title='bbox 521 562 704 610; x_wconf 84' lang='lat' dir='ltr'>Bohemi,</span> <span class='ocrx_word' id='word_1_55' title='bbox 737 561 903 601; x_wconf 88' lang='lat' dir='ltr'>Ottonis</span> <span class='ocrx_word' id='word_1_56' title='bbox 928 562 1075 601; x_wconf 87' lang='lat' dir='ltr'>Bavari</span> <span class='ocrx_word' id='word_1_57' title='bbox 1102 569 1288 614; x_wconf 85' lang='lat' dir='ltr'>tempora</span> <span class='ocrx_word' id='word_1_58' title='bbox 1311 561 1556 601; x_wconf 81' lang='lat' dir='ltr'>mentionem</span> <span class='ocrx_word' id='word_1_59' title='bbox 1578 561 1750 602; x_wconf 82' lang='lat' dir='ltr'>faciunt.</span> 
     </span>
     <span class='ocr_line' id='line_1_10' title="bbox 270 617 1749 672; baseline 0 -14"><span class='ocrx_word' id='word_1_60' title='bbox 270 621 472 659; x_wconf 89' lang='lat' dir='ltr'>Accenset</span> <span class='ocrx_word' id='word_1_61' title='bbox 515 619 579 658; x_wconf 86' lang='lat' dir='ltr'>his</span> <span class='ocrx_word' id='word_1_62' title='bbox 622 619 795 670; x_wconf 90' lang='lat' dir='ltr'>insuper</span> <span class='ocrx_word' id='word_1_63' title='bbox 832 618 1082 658; x_wconf 86' lang='lat' dir='ltr'>Ferdinandi</span> <span class='ocrx_word' id='word_1_64' title='bbox 1112 619 1145 660; x_wconf 89' lang='grc' dir='ltr'>Ι.</span> <span class='ocrx_word' id='word_1_65' title='bbox 1177 619 1346 671; x_wconf 86' lang='lat' dir='ltr'>Apocha</span> <span class='ocrx_word' id='word_1_66' title='bbox 1378 620 1425 657; x_wconf 87' lang='lat' dir='ltr'>de</span> <span class='ocrx_word' id='word_1_67' title='bbox 1457 619 1531 657; x_wconf 88' lang='lat' dir='ltr'><strong>A¹¹⁰</strong></span> <span class='ocrx_word' id='word_1_68' title='bbox 1574 618 1685 658; x_wconf 84' lang='lat'>1552</span> <span class='ocrx_word' id='word_1_69' title='bbox 1703 617 1749 672; x_wconf 79' lang='lat' dir='ltr'>d)</span> 
     </span>
     <span class='ocr_line' id='line_1_11' title="bbox 271 675 1751 729; baseline -0.001 -14"><span class='ocrx_word' id='word_1_70' title='bbox 271 675 407 728; x_wconf 86' lang='lat' dir='ltr'>(quod</span> <span class='ocrx_word' id='word_1_71' title='bbox 440 677 479 715; x_wconf 87' lang='lat' dir='ltr'>in</span> <span class='ocrx_word' id='word_1_72' title='bbox 513 677 768 726; x_wconf 87' lang='lat' dir='ltr'>pertransitu</span> <span class='ocrx_word' id='word_1_73' title='bbox 799 676 924 729; x_wconf 90' lang='lat' dir='ltr'>noto)</span> <span class='ocrx_word' id='word_1_74' title='bbox 958 677 1073 715; x_wconf 74' lang='lat' dir='ltr'>varia</span> <span class='ocrx_word' id='word_1_75' title='bbox 1095 683 1347 728; x_wconf 84' lang='lat' dir='ltr'>paramenta,</span> <span class='ocrx_word' id='word_1_76' title='bbox 1380 682 1418 714; x_wconf 91' lang='lat' dir='ltr'>et</span> <span class='ocrx_word' id='word_1_77' title='bbox 1438 675 1596 726; x_wconf 88' lang='lat' dir='ltr'>lapides</span> <span class='ocrx_word' id='word_1_78' title='bbox 1618 687 1751 726; x_wconf 87' lang='lat' dir='ltr'>quos-</span> 
     </span>
     <span class='ocr_line' id='line_1_12' title="bbox 269 732 1752 784; baseline 0 -12"><span class='ocrx_word' id='word_1_79' title='bbox 269 735 360 772; x_wconf 90' lang='lat' dir='ltr'>dam</span> <span class='ocrx_word' id='word_1_80' title='bbox 394 733 625 784; x_wconf 85' lang='lat' dir='ltr'>pretiosos,</span> <span class='ocrx_word' id='word_1_81' title='bbox 663 733 784 772; x_wconf 88' lang='lat' dir='ltr'>hodie</span> <span class='ocrx_word' id='word_1_82' title='bbox 815 746 896 772; x_wconf 91' lang='lat' dir='ltr'>non</span> <span class='ocrx_word' id='word_1_83' title='bbox 928 733 1106 784; x_wconf 85' lang='lat' dir='ltr'>amplius</span> <span class='ocrx_word' id='word_1_84' title='bbox 1138 733 1406 784; x_wconf 85' lang='lat' dir='ltr'>reperibiles‚</span> <span class='ocrx_word' id='word_1_85' title='bbox 1447 739 1510 771; x_wconf 89' lang='lat' dir='ltr'>ast</span> <span class='ocrx_word' id='word_1_86' title='bbox 1541 738 1677 771; x_wconf 87' lang='lat' dir='ltr'>eotum</span> <span class='ocrx_word' id='word_1_87' title='bbox 1710 732 1752 772; x_wconf 92' lang='lat' dir='ltr'>in</span> 
     </span>
     <span class='ocr_line' id='line_1_13' title="bbox 269 789 1752 842; baseline 0.001 -14"><span class='ocrx_word' id='word_1_88' title='bbox 269 791 409 829; x_wconf 85' lang='lat' dir='ltr'>eadem</span> <span class='ocrx_word' id='word_1_89' title='bbox 443 803 538 829; x_wconf 83' lang='lat' dir='ltr'>arca</span> <span class='ocrx_word' id='word_1_90' title='bbox 582 790 832 829; x_wconf 85' lang='lat' dir='ltr'>reconditos.</span> <span class='ocrx_word' id='word_1_91' title='bbox 881 790 961 836; x_wconf 82' lang='lat' dir='ltr'>Qui</span> <span class='ocrx_word' id='word_1_92' title='bbox 1003 790 1122 842; x_wconf 89' lang='lat' dir='ltr'>plura</span> <span class='ocrx_word' id='word_1_93' title='bbox 1166 792 1212 829; x_wconf 89' lang='lat' dir='ltr'>de</span> <span class='ocrx_word' id='word_1_94' title='bbox 1247 789 1434 829; x_wconf 85' lang='lat' dir='ltr'>Clendiis</span> <span class='ocrx_word' id='word_1_95' title='bbox 1468 802 1593 828; x_wconf 88' lang='lat' dir='ltr'>nosse</span> <span class='ocrx_word' id='word_1_96' title='bbox 1625 789 1752 840; x_wconf 86' lang='lat' dir='ltr'>cupit,</span> 
     </span>
     <span class='ocr_line' id='line_1_14' title="bbox 268 846 1751 897; baseline -0.001 -12"><span class='ocrx_word' id='word_1_97' title='bbox 268 847 462 897; x_wconf 84' lang='lat' dir='ltr'>inspiciet</span> <span class='ocrx_word' id='word_1_98' title='bbox 495 846 654 886; x_wconf 81' lang='lat' dir='ltr'>utiliter</span> <span class='ocrx_word' id='word_1_99' title='bbox 693 847 846 886; x_wconf 89' lang='lat' dir='ltr'>Petri</span> <span class='ocrx_word' id='word_1_100' title='bbox 895 848 954 886; x_wconf 89' lang='lat' dir='ltr'>de</span> <span class='ocrx_word' id='word_1_101' title='bbox 1001 847 1140 886; x_wconf 80' lang='lat' dir='ltr'>Reva</span> <span class='ocrx_word' id='word_1_102' title='bbox 1183 846 1657 886; x_wconf 85' lang='lat' dir='ltr'>Comentationem</span> <span class='ocrx_word' id='word_1_103' title='bbox 1690 846 1751 884; x_wconf 84' lang='lat' dir='ltr'>de</span> 
     </span>
     <span class='ocr_line' id='line_1_15' title="bbox 271 900 1751 956; baseline -0.002 -14"><span class='ocrx_word' id='word_1_104' title='bbox 271 916 427 943; x_wconf 86' lang='lat' dir='ltr'>sacra</span> <span class='ocrx_word' id='word_1_105' title='bbox 459 904 626 956; x_wconf 86' lang='lat' dir='ltr'>Regni</span> <span class='ocrx_word' id='word_1_106' title='bbox 675 903 882 944; x_wconf 88' lang='lat' dir='ltr'>Corona</span> <span class='ocrx_word' id='word_1_107' title='bbox 913 903 1229 954; x_wconf 85' lang='lat' dir='ltr'>Hungariae</span> <span class='ocrx_word' id='word_1_108' title='bbox 1271 902 1417 941; x_wconf 86' lang='lat' dir='ltr'>ultra</span> <span class='ocrx_word' id='word_1_109' title='bbox 1446 900 1552 940; x_wconf 91' lang='lat'>700</span> <span class='ocrx_word' id='word_1_110' title='bbox 1583 912 1751 940; x_wconf 88' lang='lat' dir='ltr'>annos</span> 
     </span>
     <span class='ocr_line' id='line_1_16' title="bbox 268 958 1752 1013; baseline -0.003 -14"><span class='ocrx_word' id='word_1_111' title='bbox 268 960 599 1001; x_wconf 87' lang='lat' dir='ltr'>clarissima.</span> <span class='ocrx_word' id='word_1_112' title='bbox 632 960 732 999; x_wconf 87' lang='lat' dir='ltr'>Item</span> <span class='ocrx_word' id='word_1_113' title='bbox 760 959 852 1013; x_wconf 86' lang='lat' dir='ltr'>ejus</span> <span class='ocrx_word' id='word_1_114' title='bbox 886 960 1183 1000; x_wconf 87' lang='lat' dir='ltr'>Centurias</span> <span class='ocrx_word' id='word_1_115' title='bbox 1218 964 1414 1008; x_wconf 87' lang='lat' dir='ltr'>septem</span> <span class='ocrx_word' id='word_1_116' title='bbox 1447 958 1505 996; x_wconf 89' lang='lat' dir='ltr'>de</span> <span class='ocrx_word' id='word_1_117' title='bbox 1535 958 1752 996; x_wconf 84' lang='lat' dir='ltr'>Monar-</span> 
     </span>
     <span class='ocr_line' id='line_1_17' title="bbox 269 1014 1752 1067; baseline -0.001 -11"><span class='ocrx_word' id='word_1_118' title='bbox 269 1017 410 1065; x_wconf 83' lang='lat' dir='ltr'>chia‚</span> <span class='ocrx_word' id='word_1_119' title='bbox 443 1024 493 1056; x_wconf 87' lang='lat' dir='ltr'>ct</span> <span class='ocrx_word' id='word_1_120' title='bbox 524 1029 683 1056; x_wconf 84' lang='lat' dir='ltr'>sacra</span> <span class='ocrx_word' id='word_1_121' title='bbox 716 1016 930 1056; x_wconf 84' lang='lat' dir='ltr'>corona</span> <span class='ocrx_word' id='word_1_122' title='bbox 961 1016 1121 1067; x_wconf 85' lang='lat' dir='ltr'>Regni</span> <span class='ocrx_word' id='word_1_123' title='bbox 1158 1015 1485 1064; x_wconf 79' lang='lat' dir='ltr'>Hungariae.</span> <span class='ocrx_word' id='word_1_124' title='bbox 1526 1014 1752 1054; x_wconf 86' lang='lat' dir='ltr'>Schmei-</span> 
     </span>
     <span class='ocr_line' id='line_1_18' title="bbox 269 1070 1750 1124; baseline -0.001 -12"><span class='ocrx_word' id='word_1_125' title='bbox 269 1073 375 1112; x_wconf 88' lang='lat' dir='ltr'>tzel</span> <span class='ocrx_word' id='word_1_126' title='bbox 416 1074 465 1113; x_wconf 87' lang='lat' dir='ltr'>in</span> <span class='ocrx_word' id='word_1_127' title='bbox 513 1073 919 1112; x_wconf 85' lang='lat' dir='ltr'>Schediasmate</span> <span class='ocrx_word' id='word_1_128' title='bbox 962 1073 1019 1112; x_wconf 86' lang='lat' dir='ltr'>de</span> <span class='ocrx_word' id='word_1_129' title='bbox 1060 1072 1386 1124; x_wconf 84' lang='lat' dir='ltr'>Insignibus</span> <span class='ocrx_word' id='word_1_130' title='bbox 1431 1070 1586 1123; x_wconf 81' lang='lat' dir='ltr'>vulgo</span> <span class='ocrx_word' id='word_1_131' title='bbox 1630 1071 1750 1111; x_wconf 90' lang='lat' dir='ltr'>Cle-</span> 
     </span>
     <span class='ocr_line' id='line_1_19' title="bbox 267 1127 1749 1182; baseline -0.001 -14"><span class='ocrx_word' id='word_1_132' title='bbox 267 1129 444 1169; x_wconf 85' lang='lat' dir='ltr'>nodiis</span> <span class='ocrx_word' id='word_1_133' title='bbox 468 1129 641 1181; x_wconf 85' lang='lat' dir='ltr'>Regni</span> <span class='ocrx_word' id='word_1_134' title='bbox 673 1129 992 1182; x_wconf 87' lang='lat' dir='ltr'>Hungariae.</span> <span class='ocrx_word' id='word_1_135' title='bbox 1023 1129 1276 1168; x_wconf 86' lang='lat' dir='ltr'>Mathiam</span> <span class='ocrx_word' id='word_1_136' title='bbox 1308 1128 1394 1168; x_wconf 78' lang='lat' dir='ltr'>Bel</span> <span class='ocrx_word' id='word_1_137' title='bbox 1418 1129 1477 1167; x_wconf 88' lang='lat' dir='ltr'>de</span> <span class='ocrx_word' id='word_1_138' title='bbox 1508 1127 1749 1180; x_wconf 87' lang='lat' dir='ltr'>Insigni—</span> 
     </span>
     <span class='ocr_line' id='line_1_20' title="bbox 266 1183 1749 1238; baseline -0.001 -13"><span class='ocrx_word' id='word_1_139' title='bbox 266 1187 382 1235; x_wconf 87' lang='lat' dir='ltr'>bus,</span> <span class='ocrx_word' id='word_1_140' title='bbox 431 1199 522 1226; x_wconf 92' lang='lat' dir='ltr'>seu</span> <span class='ocrx_word' id='word_1_141' title='bbox 566 1185 851 1226; x_wconf 86' lang='lat' dir='ltr'>Clenodiis</span> <span class='ocrx_word' id='word_1_142' title='bbox 891 1186 1234 1238; x_wconf 88' lang='lat' dir='ltr'>Hungariae,</span> <span class='ocrx_word' id='word_1_143' title='bbox 1277 1190 1316 1226; x_wconf 87' lang='lat' dir='ltr'>et</span> <span class='ocrx_word' id='word_1_144' title='bbox 1346 1184 1598 1226; x_wconf 87' lang='lat' dir='ltr'>recentiores</span> <span class='ocrx_word' id='word_1_145' title='bbox 1629 1183 1749 1235; x_wconf 83' lang='lat' dir='ltr'>alios,</span> 
     </span>
     <span class='ocr_line' id='line_1_21' title="bbox 265 1243 662 1285; baseline 0.003 -2"><span class='ocrx_word' id='word_1_146' title='bbox 265 1243 369 1284; x_wconf 89' lang='lat' dir='ltr'>bene</span> <span class='ocrx_word' id='word_1_147' title='bbox 399 1256 662 1285; x_wconf 72' lang='lat' dir='ltr'>numerosos</span> 
     </span>
    </p>
   </div>
   <div class='ocr_carea' id='block_1_3' title="bbox 721 1384 1203 1444">
    <p class='ocr_par' dir='ltr' id='par_1_3' title="bbox 721 1384 1203 1444">
     <span class='ocr_line' id='line_1_22' title="bbox 721 1384 1203 1444; baseline 0 -13"><span class='ocrx_word' id='word_1_148' title='bbox 721 1386 857 1431; x_wconf 62' lang='lat' dir='ltr'>Crux·</span> <span class='ocrx_word' id='word_1_149' title='bbox 893 1386 931 1431; x_wconf 89' lang='grc' dir='ltr'><em>Α</em></span> <span class='ocrx_word' id='word_1_150' title='bbox 930 1384 1203 1444; x_wconf 69' lang='lat' dir='ltr'>postolica.</span> 
     </span>
    </p>
   </div>
   <div class='ocr_carea' id='block_1_4' title="bbox 153 1465 1756 2614">
    <p class='ocr_par' dir='ltr' id='par_1_4' title="bbox 153 1465 1756 2614">
     <span class='ocr_line' id='line_1_23' title="bbox 289 1465 1753 1530; baseline -0.001 -15"><span class='ocrx_word' id='word_1_151' title='bbox 289 1468 391 1515; x_wconf 87' lang='lat' dir='ltr'>Nec</span> <span class='ocrx_word' id='word_1_152' title='bbox 420 1469 601 1530; x_wconf 85' lang='lat' dir='ltr'>reliqua</span> <span class='ocrx_word' id='word_1_153' title='bbox 637 1481 911 1530; x_wconf 78' lang='lat' dir='ltr'>pomparum</span> <span class='ocrx_word' id='word_1_154' title='bbox 951 1466 1159 1524; x_wconf 64' lang='lat' dir='ltr'>fercula.</span> <span class='ocrx_word' id='word_1_155' title='bbox 1199 1466 1472 1528; x_wconf 82' lang='lat' dir='ltr'>simpliciter</span> <span class='ocrx_word' id='word_1_156' title='bbox 1515 1465 1606 1512; x_wconf 91' lang='lat' dir='ltr'>hoc</span> <span class='ocrx_word' id='word_1_157' title='bbox 1644 1466 1753 1513; x_wconf 89' lang='lat' dir='ltr'>loco</span> 
     </span>
     <span class='ocr_line' id='line_1_24' title="bbox 154 1534 1754 1600; baseline -0.003 -16"><span class='ocrx_word' id='word_1_158' title='bbox 154 1537 586 1600; x_wconf 75' lang='lat' dir='ltr'>praetermittenda.</span> <span class='ocrx_word' id='word_1_159' title='bbox 615 1538 848 1591; x_wconf 55' lang='lat' dir='ltr'>existimo.</span> <span class='ocrx_word' id='word_1_160' title='bbox 878 1550 995 1596; x_wconf 88' lang='lat' dir='ltr'>quae</span> <span class='ocrx_word' id='word_1_161' title='bbox 1023 1550 1117 1580; x_wconf 90' lang='lat' dir='ltr'>non</span> <span class='ocrx_word' id='word_1_162' title='bbox 1138 1542 1225 1580; x_wconf 85' lang='lat' dir='ltr'>tam</span> <span class='ocrx_word' id='word_1_163' title='bbox 1248 1536 1294 1579; x_wconf 91' lang='lat' dir='ltr'>in</span> <span class='ocrx_word' id='word_1_164' title='bbox 1313 1549 1504 1580; x_wconf 90' lang='lat' dir='ltr'>censum</span> <span class='ocrx_word' id='word_1_165' title='bbox 1527 1534 1754 1595; x_wconf 88' lang='lat' dir='ltr'>regalium</span> 
     </span>
     <span class='ocr_line' id='line_1_25' title="bbox 155 1602 1754 1664; baseline -0.002 -13"><span class='ocrx_word' id='word_1_166' title='bbox 155 1604 487 1652; x_wconf 87' lang='lat' dir='ltr'>Clenodiorum</span> <span class='ocrx_word' id='word_1_167' title='bbox 513 1606 725 1661; x_wconf 69' lang='lat' dir='ltr'>veniunt,</span> <span class='ocrx_word' id='word_1_168' title='bbox 765 1610 930 1648; x_wconf 86' lang='lat' dir='ltr'>cuncta</span> <span class='ocrx_word' id='word_1_169' title='bbox 960 1610 1111 1648; x_wconf 84' lang='lat' dir='ltr'>tamen</span> <span class='ocrx_word' id='word_1_170' title='bbox 1139 1604 1347 1664; x_wconf 63' lang='lat' dir='ltr'>propria.</span> <span class='ocrx_word' id='word_1_171' title='bbox 1387 1609 1432 1648; x_wconf 91' lang='lat' dir='ltr'>et</span> <span class='ocrx_word' id='word_1_172' title='bbox 1458 1602 1754 1663; x_wconf 90' lang='lat' dir='ltr'>homogenea</span> 
     </span>
     <span class='ocr_line' id='line_1_26' title="bbox 154 1669 1755 1733; baseline -0.002 -15"><span class='ocrx_word' id='word_1_173' title='bbox 154 1672 360 1733; x_wconf 86' lang='lat' dir='ltr'>gaudent</span> <span class='ocrx_word' id='word_1_174' title='bbox 391 1674 719 1718; x_wconf 80' lang='lat' dir='ltr'>destinatione.</span> <span class='ocrx_word' id='word_1_175' title='bbox 760 1670 860 1715; x_wconf 91' lang='lat' dir='ltr'>Huc</span> <span class='ocrx_word' id='word_1_176' title='bbox 897 1669 1056 1715; x_wconf 86' lang='lat' dir='ltr'>resero</span> <span class='ocrx_word' id='word_1_177' title='bbox 1092 1677 1188 1716; x_wconf 81' lang='lat' dir='ltr'>tres</span> <span class='ocrx_word' id='word_1_178' title='bbox 1218 1670 1411 1727; x_wconf 73' lang='lat' dir='ltr'>Cruces,</span> <span class='ocrx_word' id='word_1_179' title='bbox 1451 1670 1607 1730; x_wconf 81' lang='lat' dir='ltr'>effigie</span> <span class='ocrx_word' id='word_1_180' title='bbox 1635 1670 1755 1717; x_wconf 88' lang='lat' dir='ltr'>Ser-</span> 
     </span>
     <span class='ocr_line' id='line_1_27' title="bbox 153 1737 1756 1800; baseline -0.004 -12"><span class='ocrx_word' id='word_1_181' title='bbox 153 1743 333 1788; x_wconf 87' lang='lat' dir='ltr'>vatoris</span> <span class='ocrx_word' id='word_1_182' title='bbox 361 1747 566 1787; x_wconf 86' lang='lat' dir='ltr'>ornatas.</span> <span class='ocrx_word' id='word_1_183' title='bbox 605 1740 897 1799; x_wconf 84' lang='lat' dir='ltr'>Argenteam</span> <span class='ocrx_word' id='word_1_184' title='bbox 930 1737 1153 1783; x_wconf 90' lang='lat' dir='ltr'>videlicet</span> <span class='ocrx_word' id='word_1_185' title='bbox 1183 1740 1229 1784; x_wconf 89' lang='lat' dir='ltr'>in</span> <span class='ocrx_word' id='word_1_186' title='bbox 1258 1738 1395 1782; x_wconf 83' lang='lat' dir='ltr'>rubra</span> <span class='ocrx_word' id='word_1_187' title='bbox 1427 1740 1623 1800; x_wconf 82' lang='lat' dir='ltr'>pertica,</span> <span class='ocrx_word' id='word_1_188' title='bbox 1668 1752 1756 1783; x_wconf 90' lang='lat' dir='ltr'>ceu</span> 
     </span>
     <span class='ocr_line' id='line_1_28' title="bbox 153 1805 1754 1872; baseline -0.004 -14"><span class='ocrx_word' id='word_1_189' title='bbox 153 1813 336 1872; x_wconf 87' lang='lat' dir='ltr'>signum</span> <span class='ocrx_word' id='word_1_190' title='bbox 361 1806 691 1870; x_wconf 74' lang='lat' dir='ltr'>Apostolatus‚</span> <span class='ocrx_word' id='word_1_191' title='bbox 731 1822 757 1852; x_wconf 89' lang='lat' dir='ltr'>a</span> <span class='ocrx_word' id='word_1_192' title='bbox 785 1807 934 1867; x_wconf 90' lang='lat' dir='ltr'>primo</span> <span class='ocrx_word' id='word_1_193' title='bbox 962 1805 1145 1864; x_wconf 83' lang='lat' dir='ltr'>Regum</span> <span class='ocrx_word' id='word_1_194' title='bbox 1176 1814 1443 1851; x_wconf 82' lang='lat' dir='ltr'>nostrorum</span> <span class='ocrx_word' id='word_1_195' title='bbox 1471 1808 1518 1851; x_wconf 89' lang='lat' dir='ltr'>in</span> <span class='ocrx_word' id='word_1_196' title='bbox 1545 1806 1754 1852; x_wconf 85' lang='lat' dir='ltr'>Succes-</span> 
     </span>
     <span class='ocr_line' id='line_1_29' title="bbox 153 1872 1754 1934; baseline -0.005 -8"><span class='ocrx_word' id='word_1_197' title='bbox 153 1893 290 1926; x_wconf 83' lang='lat' dir='ltr'>sores</span> <span class='ocrx_word' id='word_1_198' title='bbox 312 1878 600 1930; x_wconf 77' lang='lat' dir='ltr'>derivatum3</span> <span class='ocrx_word' id='word_1_199' title='bbox 629 1873 749 1919; x_wconf 89' lang='lat' dir='ltr'>hanc</span> <span class='ocrx_word' id='word_1_200' title='bbox 764 1873 1028 1934; x_wconf 87' lang='lat' dir='ltr'>Episcopus</span> <span class='ocrx_word' id='word_1_201' title='bbox 1057 1873 1115 1918; x_wconf 89' lang='lat' dir='ltr'>ad</span> <span class='ocrx_word' id='word_1_202' title='bbox 1138 1875 1313 1919; x_wconf 88' lang='lat' dir='ltr'>titulum</span> <span class='ocrx_word' id='word_1_203' title='bbox 1344 1888 1507 1918; x_wconf 85' lang='lat' dir='ltr'>sacrae</span> <span class='ocrx_word' id='word_1_204' title='bbox 1538 1872 1754 1919; x_wconf 86' lang='lat' dir='ltr'>Coronae</span> 
     </span>
     <span class='ocr_line' id='line_1_30' title="bbox 154 1940 1753 1999; baseline -0.006 -4"><span class='ocrx_word' id='word_1_205' title='bbox 154 1946 407 1995; x_wconf 81' lang='lat' dir='ltr'>obnoxium</span> <span class='ocrx_word' id='word_1_206' title='bbox 454 1944 746 1997; x_wconf 84' lang='lat' dir='ltr'>nominatus,</span> <span class='ocrx_word' id='word_1_207' title='bbox 787 1947 925 1999; x_wconf 88' lang='lat' dir='ltr'>atque</span> <span class='ocrx_word' id='word_1_208' title='bbox 974 1942 1282 1984; x_wconf 79' lang='lat' dir='ltr'>communiter</span> <span class='ocrx_word' id='word_1_209' title='bbox 1335 1954 1359 1983; x_wconf 91' lang='lat' dir='ltr'>e</span> <span class='ocrx_word' id='word_1_210' title='bbox 1412 1940 1753 1986; x_wconf 86' lang='lat' dir='ltr'>Canonicorum</span> 
     </span>
     <span class='ocr_line' id='line_1_31' title="bbox 153 2006 1754 2073; baseline -0.004 -13"><span class='ocrx_word' id='word_1_211' title='bbox 153 2012 550 2073; x_wconf 76' lang='lat' dir='ltr'>StrigonIensium</span> <span class='ocrx_word' id='word_1_212' title='bbox 600 2014 738 2053; x_wconf 84' lang='lat' dir='ltr'>coetu</span> <span class='ocrx_word' id='word_1_213' title='bbox 784 2006 993 2051; x_wconf 83' lang='lat' dir='ltr'>delectus</span> <span class='ocrx_word' id='word_1_214' title='bbox 1045 2006 1254 2066; x_wconf 84' lang='lat' dir='ltr'>praefert</span> <span class='ocrx_word' id='word_1_215' title='bbox 1297 2007 1476 2066; x_wconf 84' lang='lat' dir='ltr'>Regiae</span> <span class='ocrx_word' id='word_1_216' title='bbox 1518 2007 1754 2065; x_wconf 86' lang='lat' dir='ltr'>Majestati</span> 
     </span>
     <span class='ocr_line' id='line_1_32' title="bbox 153 2074 1755 2140; baseline -0.006 -10"><span class='ocrx_word' id='word_1_217' title='bbox 153 2099 248 2130; x_wconf 89' lang='lat' dir='ltr'>non</span> <span class='ocrx_word' id='word_1_218' title='bbox 278 2080 416 2126; x_wconf 88' lang='lat' dir='ltr'>modo</span> <span class='ocrx_word' id='word_1_219' title='bbox 444 2080 546 2140; x_wconf 87' lang='lat' dir='ltr'>ipsa</span> <span class='ocrx_word' id='word_1_220' title='bbox 588 2074 661 2120; x_wconf 82' lang='lat' dir='ltr'>die</span> <span class='ocrx_word' id='word_1_221' title='bbox 700 2074 1103 2133; x_wconf 72' lang='lat' dir='ltr'>Inaugurationis,</span> <span class='ocrx_word' id='word_1_222' title='bbox 1141 2088 1305 2120; x_wconf 75' lang='lat' dir='ltr'>verum</span> <span class='ocrx_word' id='word_1_223' title='bbox 1348 2074 1529 2132; x_wconf 77' lang='lat' dir='ltr'>dehinc,</span> <span class='ocrx_word' id='word_1_224' title='bbox 1570 2077 1755 2135; x_wconf 88' lang='lat' dir='ltr'>quoties</span> 
     </span>
     <span class='ocr_line' id='line_1_33' title="bbox 154 2141 1754 2210; baseline -0.007 -12"><span class='ocrx_word' id='word_1_225' title='bbox 154 2150 339 2198; x_wconf 81' lang='lat' dir='ltr'>solenni</span> <span class='ocrx_word' id='word_1_226' title='bbox 362 2161 531 2210; x_wconf 86' lang='lat' dir='ltr'>pompa</span> <span class='ocrx_word' id='word_1_227' title='bbox 556 2145 676 2189; x_wconf 82' lang='lat' dir='ltr'>intra</span> <span class='ocrx_word' id='word_1_228' title='bbox 704 2142 857 2201; x_wconf 84' lang='lat' dir='ltr'>Regni</span> <span class='ocrx_word' id='word_1_229' title='bbox 884 2141 999 2187; x_wconf 90' lang='lat' dir='ltr'>fines</span> <span class='ocrx_word' id='word_1_230' title='bbox 1027 2142 1257 2202; x_wconf 71' lang='lat' dir='ltr'>procedit,</span> <span class='ocrx_word' id='word_1_231' title='bbox 1298 2149 1374 2188; x_wconf 83' lang='lat' dir='ltr'>aut</span> <span class='ocrx_word' id='word_1_232' title='bbox 1409 2143 1528 2187; x_wconf 89' lang='lat' dir='ltr'>solio</span> <span class='ocrx_word' id='word_1_233' title='bbox 1567 2142 1754 2189; x_wconf 77' lang='lat' dir='ltr'>insidet.</span> 
     </span>
     <span class='ocr_line' id='line_1_34' title="bbox 153 2210 1756 2276; baseline -0.006 -11"><span class='ocrx_word' id='word_1_234' title='bbox 153 2220 335 2273; x_wconf 73' lang='lat' dir='ltr'>Altera,</span> <span class='ocrx_word' id='word_1_235' title='bbox 376 2229 510 2276; x_wconf 89' lang='lat' dir='ltr'>quam</span> <span class='ocrx_word' id='word_1_236' title='bbox 532 2214 901 2259; x_wconf 84' lang='lat' dir='ltr'>Tavernicorum</span> <span class='ocrx_word' id='word_1_237' title='bbox 925 2210 1171 2269; x_wconf 86' lang='lat' dir='ltr'>Regalium</span> <span class='ocrx_word' id='word_1_238' title='bbox 1196 2210 1422 2270; x_wconf 83' lang='lat' dir='ltr'>Magister</span> <span class='ocrx_word' id='word_1_239' title='bbox 1449 2212 1495 2256; x_wconf 91' lang='lat' dir='ltr'>in</span> <span class='ocrx_word' id='word_1_240' title='bbox 1519 2210 1756 2256; x_wconf 87' lang='lat' dir='ltr'>Pulvinari</span> 
     </span>
     <span class='ocr_line' id='line_1_35' title="bbox 154 2277 1755 2343; baseline -0.006 -11"><span class='ocrx_word' id='word_1_241' title='bbox 154 2292 310 2343; x_wconf 84' lang='lat' dir='ltr'>gestat</span> <span class='ocrx_word' id='word_1_242' title='bbox 335 2308 402 2316; x_wconf 92' lang='lat'>—-</span> <span class='ocrx_word' id='word_1_243' title='bbox 432 2278 816 2343; x_wconf 86' lang='lat' dir='ltr'>quemadmodum</span> <span class='ocrx_word' id='word_1_244' title='bbox 844 2278 998 2336; x_wconf 88' lang='lat' dir='ltr'>Regni</span> <span class='ocrx_word' id='word_1_245' title='bbox 1035 2278 1268 2323; x_wconf 82' lang='lat' dir='ltr'>Palatinus</span> <span class='ocrx_word' id='word_1_246' title='bbox 1314 2278 1564 2335; x_wconf 76' lang='lat' dir='ltr'>D1adema,</span> <span class='ocrx_word' id='word_1_247' title='bbox 1601 2277 1755 2323; x_wconf 82' lang='lat' dir='ltr'>Judex</span> 
     </span>
     <span class='ocr_line' id='line_1_36' title="bbox 155 2344 1753 2409; baseline -0.006 -10"><span class='ocrx_word' id='word_1_248' title='bbox 155 2354 322 2400; x_wconf 82' lang='lat' dir='ltr'>Curiae</span> <span class='ocrx_word' id='word_1_249' title='bbox 364 2351 545 2409; x_wconf 85' lang='lat' dir='ltr'>Regiae</span> <span class='ocrx_word' id='word_1_250' title='bbox 590 2347 834 2407; x_wconf 68' lang='lat' dir='ltr'>Septrum,</span> <span class='ocrx_word' id='word_1_251' title='bbox 874 2346 1062 2390; x_wconf 89' lang='lat' dir='ltr'>Pomum</span> <span class='ocrx_word' id='word_1_252' title='bbox 1103 2345 1318 2392; x_wconf 83' lang='lat' dir='ltr'>Croatiae</span> <span class='ocrx_word' id='word_1_253' title='bbox 1359 2345 1544 2402; x_wconf 75' lang='lat' dir='ltr'>Banus,</span> <span class='ocrx_word' id='word_1_254' title='bbox 1582 2344 1753 2390; x_wconf 88' lang='lat' dir='ltr'>Ensem</span> 
     </span>
     <span class='ocr_line' id='line_1_37' title="bbox 155 2413 1753 2481; baseline -0.006 -14"><span class='ocrx_word' id='word_1_255' title='bbox 155 2420 470 2481; x_wconf 85' lang='lat' dir='ltr'>Stephaneum</span> <span class='ocrx_word' id='word_1_256' title='bbox 488 2418 821 2462; x_wconf 86' lang='lat' dir='ltr'>Pinee1·narum</span> <span class='ocrx_word' id='word_1_257' title='bbox 840 2413 1085 2473; x_wconf 80' lang='lat' dir='ltr'>Regalium</span> <span class='ocrx_word' id='word_1_258' title='bbox 1107 2414 1349 2474; x_wconf 72' lang='lat' dir='ltr'>Magister,</span> <span class='ocrx_word' id='word_1_259' title='bbox 1376 2440 1443 2446; x_wconf 88' lang='lat'>-—</span> <span class='ocrx_word' id='word_1_260' title='bbox 1461 2413 1753 2458; x_wconf 85' lang='lat' dir='ltr'>Vestimenta</span> 
     </span>
     <span class='ocr_line' id='line_1_38' title="bbox 157 2479 1753 2542; baseline -0.005 -9"><span class='ocrx_word' id='word_1_261' title='bbox 157 2488 337 2534; x_wconf 91' lang='lat' dir='ltr'>demum</span> <span class='ocrx_word' id='word_1_262' title='bbox 368 2486 584 2531; x_wconf 83' lang='lat' dir='ltr'>Coronae</span> <span class='ocrx_word' id='word_1_263' title='bbox 612 2484 883 2538; x_wconf 75' lang='lat' dir='ltr'>Duumviri3</span> <span class='ocrx_word' id='word_1_264' title='bbox 916 2497 1033 2542; x_wconf 88' lang='lat' dir='ltr'>quae</span> <span class='ocrx_word' id='word_1_265' title='bbox 1065 2482 1189 2529; x_wconf 78' lang='lat' dir='ltr'>Crux</span> <span class='ocrx_word' id='word_1_266' title='bbox 1212 2509 1279 2515; x_wconf 92' lang='lat'>—</span> <span class='ocrx_word' id='word_1_267' title='bbox 1307 2483 1478 2528; x_wconf 87' lang='lat' dir='ltr'>usitato</span> <span class='ocrx_word' id='word_1_268' title='bbox 1507 2479 1753 2526; x_wconf 86' lang='lat' dir='ltr'>Ecclesia-</span> 
     </span>
     <span class='ocr_line' id='line_1_39' title="bbox 157 2548 1754 2614; baseline -0.006 -12"><span class='ocrx_word' id='word_1_269' title='bbox 157 2557 285 2602; x_wconf 87' lang='lat' dir='ltr'>sticis</span> <span class='ocrx_word' id='word_1_270' title='bbox 322 2552 544 2614; x_wconf 88' lang='lat' dir='ltr'>loquendi</span> <span class='ocrx_word' id='word_1_271' title='bbox 586 2565 716 2597; x_wconf 84' lang='lat' dir='ltr'>more</span> <span class='ocrx_word' id='word_1_272' title='bbox 776 2575 843 2583; x_wconf 89' lang='lat'>—-</span> <span class='ocrx_word' id='word_1_273' title='bbox 886 2550 999 2597; x_wconf 83' lang='lat' dir='ltr'>alias</span> <span class='ocrx_word' id='word_1_274' title='bbox 1061 2551 1206 2609; x_wconf 70' lang='lat' dir='ltr'>Pax,</span> <span class='ocrx_word' id='word_1_275' title='bbox 1256 2550 1337 2598; x_wconf 89' lang='lat' dir='ltr'>vel</span> <span class='ocrx_word' id='word_1_276' title='bbox 1387 2548 1754 2596; x_wconf 87' lang='lat' dir='ltr'>Pacificale</span> 
     </span>
    </p>
   </div>
   <div class='ocr_carea' id='block_1_5' title="bbox 193 2667 1752 2852">
    <p class='ocr_par' dir='ltr' id='par_1_5' title="bbox 193 2667 788 2707">
     <span class='ocr_line' id='line_1_40' title="bbox 193 2667 788 2707; baseline -0.003 -7"><span class='ocrx_word' id='word_1_277' title='bbox 193 2669 226 2707; x_wconf 70' lang='lat' dir='ltr'>n)</span> <span class='ocrx_word' id='word_1_278' title='bbox 254 2668 353 2700; x_wconf 90' lang='lat' dir='ltr'>Com.</span> <span class='ocrx_word' id='word_1_279' title='bbox 377 2668 419 2700; x_wconf 85' lang='lat' dir='ltr'>de</span> <span class='ocrx_word' id='word_1_280' title='bbox 441 2668 522 2700; x_wconf 86' lang='lat' dir='ltr'>Sac.</span> <span class='ocrx_word' id='word_1_281' title='bbox 543 2669 631 2707; x_wconf 80' lang='lat' dir='ltr'>Reg.</span> <span class='ocrx_word' id='word_1_282' title='bbox 657 2667 788 2699; x_wconf 88' lang='lat' dir='ltr'>Coron.</span> 
     </span>
    </p>

    <p class='ocr_par' dir='ltr' id='par_1_6' title="bbox 193 2709 1752 2803">
     <span class='ocr_line' id='line_1_41' title="bbox 193 2709 1752 2755; baseline -0.002 -8"><span class='ocrx_word' id='word_1_283' title='bbox 193 2715 232 2755; x_wconf 78' lang='lat' dir='ltr'>b)</span> <span class='ocrx_word' id='word_1_284' title='bbox 258 2715 453 2747; x_wconf 81' lang='lat' dir='ltr'>ottocarus</span> <span class='ocrx_word' id='word_1_285' title='bbox 479 2715 630 2747; x_wconf 83' lang='lat' dir='ltr'>Hornek</span> <span class='ocrx_word' id='word_1_286' title='bbox 655 2714 854 2754; x_wconf 74' lang='lat' dir='ltr'>synchron.</span> <span class='ocrx_word' id='word_1_287' title='bbox 877 2720 929 2753; x_wconf 83' lang='lat' dir='ltr'>ap.</span> <span class='ocrx_word' id='word_1_288' title='bbox 953 2711 1059 2745; x_wconf 82' lang='lat' dir='ltr'>Pecz.</span> <span class='ocrx_word' id='word_1_289' title='bbox 1080 2713 1213 2755; x_wconf 79' lang='lat' dir='ltr'>script.</span> <span class='ocrx_word' id='word_1_290' title='bbox 1238 2722 1306 2747; x_wconf 81' lang='lat' dir='ltr'>rer.</span> <span class='ocrx_word' id='word_1_291' title='bbox 1330 2713 1453 2745; x_wconf 80' lang='lat' dir='ltr'>Auetr.</span> <span class='ocrx_word' id='word_1_292' title='bbox 1478 2710 1517 2744; x_wconf 76' lang='grc' dir='ltr'>Τ.</span> <span class='ocrx_word' id='word_1_293' title='bbox 1539 2710 1595 2745; x_wconf 84' lang='lat'>1¹1.</span> <span class='ocrx_word' id='word_1_294' title='bbox 1621 2718 1653 2752; x_wconf 86' lang='lat' dir='ltr'>p.</span> <span class='ocrx_word' id='word_1_295' title='bbox 1672 2709 1752 2744; x_wconf 86' lang='lat'>386.</span> 
     </span>
     <span class='ocr_line' id='line_1_42' title="bbox 195 2756 1009 2803; baseline 0 -10"><span class='ocrx_word' id='word_1_296' title='bbox 195 2766 227 2801; x_wconf 84' lang='lat' dir='ltr'>c)</span> <span class='ocrx_word' id='word_1_297' title='bbox 257 2763 318 2803; x_wconf 77' lang='lat' dir='ltr'>Ap.</span> <span class='ocrx_word' id='word_1_298' title='bbox 336 2763 440 2795; x_wconf 86' lang='lat' dir='ltr'>eund.</span> <span class='ocrx_word' id='word_1_299' title='bbox 462 2763 569 2795; x_wconf 83' lang='lat' dir='ltr'>Pecz.</span> <span class='ocrx_word' id='word_1_300' title='bbox 595 2762 657 2803; x_wconf 89' lang='lat' dir='ltr'>Op.</span> <span class='ocrx_word' id='word_1_301' title='bbox 679 2761 738 2793; x_wconf 86' lang='lat' dir='ltr'>cit.</span> <span class='ocrx_word' id='word_1_302' title='bbox 763 2762 801 2792; x_wconf 87' lang='grc' dir='ltr'>Τ.</span> <span class='ocrx_word' id='word_1_303' title='bbox 827 2761 850 2792; x_wconf 94' lang='lat'>1.</span> <span class='ocrx_word' id='word_1_304' title='bbox 872 2767 905 2799; x_wconf 92' lang='lat' dir='ltr'>p.</span> <span class='ocrx_word' id='word_1_305' title='bbox 931 2756 1009 2793; x_wconf 79' lang='lat'>402.</span> 
     </span>
    </p>

    <p class='ocr_par' dir='ltr' id='par_1_7' title="bbox 194 2806 770 2852">
     <span class='ocr_line' id='line_1_43' title="bbox 194 2806 770 2852; baseline -0.007 -9"><span class='ocrx_word' id='word_1_306' title='bbox 194 2808 231 2852; x_wconf 71' lang='lat' dir='ltr'>d)</span> <span class='ocrx_word' id='word_1_307' title='bbox 254 2809 348 2851; x_wconf 84' lang='lat' dir='ltr'>Pray</span> <span class='ocrx_word' id='word_1_308' title='bbox 372 2809 496 2843; x_wconf 79' lang='lat' dir='ltr'>Annal.</span> <span class='ocrx_word' id='word_1_309' title='bbox 519 2809 557 2843; x_wconf 90' lang='lat' dir='ltr'>P.</span> <span class='ocrx_word' id='word_1_310' title='bbox 575 2808 618 2842; x_wconf 76' lang='lat' dir='ltr'>V.</span> <span class='ocrx_word' id='word_1_311' title='bbox 639 2817 671 2850; x_wconf 88' lang='lat' dir='ltr'>p.</span> <span class='ocrx_word' id='word_1_312' title='bbox 693 2806 770 2840; x_wconf 70' lang='lat'>456.</span> 
     </span>
    </p>
   </div>
  </div>
 </body>
</html>
