1941 3143
167 67 260 113 188

159 178 354 226 subinde
395 179 532 224 etiam
571 177 949 226 Servientes
992 180 1061 238 ³),
1101 192 1220 239 quae
1251 182 1562 229 nomenclatio
1590 183 1751 229 seculo

157 247 351 308 primum
393 246 531 291 tertio
575 245 754 293 decimo
795 246 1056 293 introducta
1082 245 1295 304 videtur,
1334 249 1417 294 sub
1456 250 1587 308 cujus
1616 249 1752 295 finem

156 340 223 347 —-
261 313 475 359 Ladislao
523 311 728 360 Cumano
770 320 998 374 regnante
1042 338 1109 345 —
1150 315 1445 376 compellatio
1487 314 1750 362 Nobilis

157 382 445 428 communior
481 381 633 425 evasit
670 378 740 440 ὕ).
781 383 925 429 Prout
965 386 1117 426 autem
1154 384 1314 428 variae
1342 382 1575 429 Nobilium
1617 398 1752 429 com-

156 450 463 511 pellationes,
507 449 567 492 ita
608 451 771 495 variae
811 449 918 494 olim
958 447 1213 494 eorundem
1251 449 1429 496 classes
1464 451 1751 512 pedetentim

155 517 382 563 formatae
419 516 699 575 viguerunt3
737 517 898 563 harum
925 515 1107 577 aliquae
1142 519 1320 562 cunctis
1346 519 1430 574 iis,
1470 520 1603 579 queis
1630 533 1752 564 nunc

154 584 307 643 Regni
333 582 529 629 Nobiles
556 581 788 642 fruuntur,
825 585 1171 646 praerogativis
1199 584 1480 644 gaudebant,
1510 585 1628 631 aliae
1655 601 1748 632 non

154 650 349 713 perinde
378 650 606 696 omnibus.
627 651 801 698 Verum
828 652 884 698 de
910 654 1068 714 prisca
1095 651 1170 697 illa
1193 655 1440 710 varietate,
1467 653 1585 699 ultra
1613 669 1747 714 quam

153 719 379 766 hactenus
407 721 603 780 sparsim
632 722 883 781 attigimuS,
922 719 1058 765 Isthic
1083 719 1312 781 prolixius
1341 720 1497 766 dicere
1524 724 1607 767 vix
1633 723 1747 767 atti-

153 795 250 843 net,
286 787 409 847 quod
428 787 524 844 jam
551 786 778 835 Ludovici
803 787 961 848 Magni
988 801 1108 833 aevo
1152 785 1192 852 b)
1220 787 1277 832 ad
1303 788 1630 848 aequalitatem
1656 790 1749 834 sint

153 854 380 901 adductae
406 853 505 912 Η).
545 854 613 900 Eo
652 856 950 902 nihilominus
989 855 1064 900 ubi
1102 856 1342 899 variorum
1377 861 1637 914 temporum
1672 855 1748 900 di-

151 924 372 986 plomata,
412 922 575 982 quibus
604 926 894 984 potissimum
924 923 1030 979 jura
1061 923 1349 982 privatorum
1387 921 1655 979 fundantur,
1695 936 1748 968 se

152 1005 205 1038 se
245 990 444 1036 offerunt
484 990 791 1052 explicanda,
831 995 1032 1035 mentem
1081 987 1332 1034 advertere
1368 991 1523 1049 magni
1561 992 1746 1037 omnino

153 1061 365 1106 interest.

204 1156 254 1210 >ff)
287 1154 427 1195 Primo
460 1154 632 1203 etenim,
675 1156 782 1206 quod
816 1167 879 1193 me
910 1153 1118 1205 reperisse
1149 1154 1368 1203 recordor,
1399 1154 1589 1194 Andreas
1620 1154 1670 1195 11.
1705 1155 1746 1194 in

262 1212 498 1263 diplomate,
532 1212 710 1265 cuipiam
745 1211 856 1253 Uruz
889 1213 998 1261 dato,
1031 1217 1083 1250 ut
1114 1210 1254 1262 ipse,
1287 1217 1334 1249 et
1366 1212 1453 1250 sui
1486 1211 1745 1252 haeredes

263 1270 408 1309 inter
441 1270 756 1310 Servientes
790 1269 971 1321 regios
1004 1267 1343 1307 adnumerari
1376 1268 1596 1318 possint
1627 1283 1744 1320 per-

261 1332 425 1379 petuo
450 1327 506 1380 c),
537 1327 612 1366 hac
643 1327 774 1366 utitur
791 1324 1129 1373 nomenclatione,
1161 1325 1409 1375 eandemque
1424 1325 1656 1376 Stephanus
1680 1327 1747 1376 V.,

267 1385 454 1435 quamvis
486 1385 527 1423 in
560 1396 641 1423 uno
674 1383 854 1423 alterove
886 1381 1107 1434 privilegio
1146 1381 1389 1421 vocabulum
1430 1382 1635 1422 Nobilis
1667 1385 1746 1422 ad-

263 1440 437 1495 jungat,
480 1441 737 1480 continenter
768 1440 966 1479 adhibuit.
1016 1438 1172 1479 Contra
1212 1438 1438 1478 Ladislaus
1485 1438 1576 1492 ejus
1614 1439 1746 1479 Filius

267 1511 364 1538 voce
404 1497 627 1537 Nobilis
668 1496 755 1551 jam
789 1496 1045 1548 frequentius
1088 1496 1298 1545 utebatur,
1342 1503 1386 1535 ut
1417 1496 1590 1548 exempli
1620 1509 1748 1537 causa

266 1555 308 1594 in
340 1554 565 1607 Privilegio
597 1554 719 1594 Petro
762 1553 868 1593 Filio
899 1555 1024 1593 Beten
1056 1554 1175 1602 dam,
1219 1553 1326 1603 quod
1370 1553 1411 1592 in
1444 1553 1573 1593 lucem
1603 1554 1745 1594 Palma

266 1612 405 1651 eduxit
425 1611 487 1663 d).
522 1611 737 1652 Caeterum
778 1624 858 1651 non
900 1611 1019 1650 etiam
1065 1611 1252 1661 quemvis
1295 1610 1517 1650 militem
1550 1611 1743 1650 continuo

264 1669 399 1708 fuisse
440 1668 656 1717 Nobilem,
703 1681 845 1708 verum
887 1668 968 1707 ista
1006 1667 1232 1706 honorifica
1272 1667 1547 1719 adpellatione
1579 1667 1746 1707 illorum

265 1731 482 1777 posteros,
531 1726 599 1778 qui
642 1726 828 1778 Regnum
873 1725 950 1764 hoe
990 1737 1072 1763 non
1105 1724 1195 1763 sine
1237 1724 1435 1776 sangvine
1467 1725 1603 1776 adepti
1636 1730 1746 1774 sunt,

265 1783 524 1833 excelluisse,
558 1784 663 1822 idem
683 1784 845 1831 iterum,
878 1795 995 1834 quem
1027 1794 1120 1821 mox
1152 1781 1475 1831 nominaveram,
1506 1781 1745 1833 praeclarus

266 1842 468 1891 quondam
523 1854 661 1880 rerum
710 1846 948 1880 nostrarum
996 1838 1304 1879 Commentator
1334 1852 1510 1890 prorsus
1560 1839 1747 1891 apposite

264 1897 502 1937 observavit
524 1897 584 1951 θ).

175 1985 255 2040 **)
288 1986 352 2025 Ad
390 1985 672 2036 aequationem
715 1983 827 2022 illam
869 1983 969 2022 libet
1001 1982 1179 2022 ominari
1220 1981 1477 2021 Ludovicum
1521 1982 1672 2036 Regem
1705 1983 1745 2022 id

260 2042 524 2093 potissimum
557 2041 798 2089 induxisse,
830 2046 874 2079 ut
905 2052 994 2079 eum
1029 2061 1080 2068 —
1114 2044 1297 2090 spectata
1329 2040 1574 2090 praesertim
1606 2040 1745 2080 tribu-

263 2106 398 2139 torum
431 2099 592 2139 ratione
625 2121 677 2126 —
710 2097 1069 2145 Transilvaniam,
1103 2103 1141 2135 et
1172 2095 1410 2135 Slavoniam
1441 2097 1490 2136 ab
1526 2096 1745 2148 Hungaria

262 2157 526 2208 discrepasse
557 2161 736 2203 constet,
768 2155 842 2194 has
874 2154 942 2193 ille
975 2153 1212 2205 provincias
1243 2155 1294 2192 ad
1325 2154 1432 2192 idem
1465 2166 1553 2193 eum
1587 2160 1744 2194 metro-

259 2213 346 2266 poli
377 2213 590 2253 territorio
623 2218 807 2265 systema
829 2211 1088 2251 conformare
1115 2210 1364 2258 decreverim
1398 2212 1504 2261 quod
1532 2211 1667 2263 ipsum
1697 2225 1744 2250 ex

260 2269 447 2325 ejusdem
480 2271 654 2310 Deereto
687 2269 795 2309 haud
836 2269 1009 2307 obscure
1042 2267 1275 2320 colligitur,
1309 2267 1466 2308 scilicet
1497 2269 1548 2307 ad
1582 2268 1742 2307 animos

260 2328 436 2367 novitati
468 2327 775 2375 conciliandos,
825 2325 1065 2365 Nobilitatis
1109 2325 1292 2364 savorem
1337 2325 1414 2364 hoc
1443 2337 1591 2377 genere
1617 2337 1742 2364 exae-

260 2385 467 2435 quationis
510 2383 709 2436 aucupari
752 2382 924 2422 volebat.
959 2382 1158 2422 Vicissim
1196 2381 1322 2422 Fiscii
1352 2382 1472 2434 Regii
1504 2395 1551 2420 ex
1583 2380 1742 2421 defectu

257 2442 563 2482 successionem
619 2453 692 2492 per
746 2440 821 2480 hoc
870 2440 1089 2480 Decretum
1148 2439 1384 2491 ampliatam
1431 2438 1589 2489 fuisse,
1645 2437 1743 2478 alibi

260 2511 441 2538 memini.

186 2646 218 2682 ὓ)
248 2648 346 2680 1222.
370 2648 404 2679 2.

183 2692 218 2730 b)
248 2695 350 2727 1351.
381 2695 435 2726 11.

190 2745 224 2777 c)
250 2742 391 2773 Exstat.
412 2738 503 2780 Dipl.
534 2736 600 2778 ips.
621 2737 654 2768 in
680 2737 828 2770 Collect.
855 2737 1036 2770 Hevenes.

186 2784 220 2824 d)
249 2789 288 2820 ln
312 2788 414 2829 Spec.
432 2784 578 2818 Herald.
601 2785 719 2825 Hung.
743 2785 780 2815 L.
807 2785 839 2817 3.
866 2783 903 2815 C.
923 2785 955 2816 2.

185 2835 218 2880 ⁶)
244 2835 323 2869 Not.
347 2843 419 2870 rer.
442 2833 562 2875 flung,
582 2832 622 2867 P.
643 2832 668 2865 1.
691 2831 810 2875 Hung.
832 2839 916 2865 nov.
942 2830 972 2874 ᾗ.
1000 2830 1059 2863 VI.
