1941 3143
228 49 320 95 176

338 170 493 210 „eaque
525 162 656 199 tamen
689 157 848 213 majora
880 160 1157 212 possidentes,
1191 173 1363 213 quorum
1389 162 1544 204 ratione
1578 164 1616 203 in
1641 176 1812 206 numero

337 216 554 266 „Statuum
588 229 750 268 semper
782 217 970 264 suerunt,
1014 224 1132 269 atque
1164 231 1209 258 ac
1241 218 1398 267 Duces,
1444 226 1482 260 et
1514 221 1721 269 Comites,
1763 235 1811 262 ex

336 285 444 324 „quo
477 278 611 313 autem
643 274 811 325 ingenui
844 275 1112 325 adspirarunt
1144 276 1193 314 ad
1226 275 1514 322 Nobilitatem,
1555 278 1810 330 Comitisque

334 329 530 380 „Titulus
565 331 825 370 manifestior
866 344 963 383 prae
1004 331 1088 371 illis
1120 334 1407 386 praerogativa
1447 335 1544 381 suit,
1591 335 1811 376 voluerunt

333 388 484 438 „etiam
518 387 702 440 plerique
734 388 945 440 Dynastae
977 389 1059 428 sibi
1090 389 1198 430 hunc
1229 391 1390 431 titulum
1425 392 1674 433 vindicare.“

947 498 955 507 .
997 464 1109 510 242.

596 530 843 589 Exemplo
882 463 1158 578 τῗείηανιυη
1200 534 1437 580 Gentium.

351 611 452 658 Iloc
477 613 737 658 vicinorum
769 613 984 675 exemplo
1025 614 1145 676 apud
1172 631 1258 662 nos
1295 632 1478 678 quoque
1519 616 1669 676 Regio
1700 618 1809 662 uni-

218 694 356 725 versa
402 683 445 725 in
491 679 772 737 Comitatus,
812 695 925 741 quas
964 681 1183 740 chartae,
1224 692 1507 746 veteresque
1551 687 1806 744 scriptores

214 750 484 809 paraeciam,
524 747 787 809 parochias,
849 749 1125 810 quandoque
1163 754 1430 812 provincias
1474 754 1513 810 ³)
1555 755 1807 807 nominant,

215 816 469 873 subdivisa,
515 816 631 873 (51)
670 815 864 875 singulis·
912 831 1068 862 eorum
1111 834 1195 879 pro
1244 819 1542 864 Moderatorc
1593 819 1806 864 Comes

213 883 527 928 Parochianus
559 898 658 928 cum
699 886 858 944 specie
897 884 1091 943 quadam
1129 887 1470 944 superioritatis
1510 885 1806 930 territorialis

213 950 445 1010 obtigerat
469 949 542 1009 ἢ),
582 954 656 1010 qui
689 965 805 995 vero
842 951 1145 995 Territorium
1179 951 1440 1012 quodpiam,
1480 958 1556 997 aut
1594 951 1805 998 Castrum

212 1019 409 1078 analoga
453 1032 553 1063 cum
585 1017 913 1076 jurisdictione
954 1032 979 1062 a
1016 1018 1249 1078 Regibus.
1290 1026 1335 1064 et
1376 1019 1497 1064 sorte
1539 1019 1747 1065 nonnulli
1780 1035 1804 1065 a

211 1085 415 1130 Ducibus
448 1086 602 1146 plane,
634 1084 756 1129 dono
791 1092 1089 1145 acceperant,
1119 1086 1309 1132 Comitis
1342 1101 1573 1148 persaepe
1608 1087 1802 1144 titulum,

211 1152 431 1197 haeredio
474 1152 732 1210 adjectum,
773 1151 826 1196 ad
866 1152 1092 1198 Posteros
1138 1156 1507 1200 transmiserunt.
1549 1153 1648 1200 Hoc
1689 1168 1802 1200 sane

212 1222 443 1266 axiomate
462 1219 670 1265 decorati
693 1221 738 1264 in
757 1220 1092 1280 antiquioribus
1122 1220 1293 1266 chartis
1321 1221 1440 1267 haud
1459 1236 1594 1277 unus,
1623 1220 1803 1267 alterve

212 1294 484 1333 constanter
513 1294 801 1348 comparent,
841 1286 1059 1348 claraque
1089 1302 1181 1333 non
1212 1291 1377 1346 minus,
1405 1305 1459 1334 ac
1486 1290 1803 1351 vetustissima

208 1356 489 1413 llberorum,
531 1356 785 1413 majorum,
825 1368 879 1399 ac
916 1362 1247 1416 perpetuorum
1291 1356 1517 1402 Comitum
1560 1358 1606 1401 in
1649 1356 1802 1401 Patria

208 1430 369 1470 nostra
402 1428 717 1468 remonstrant
745 1421 955 1466 exordia.

263 1504 313 1558 11’)
349 1504 439 1543 Non
472 1510 588 1544 vacat
620 1503 741 1542 isthic
773 1516 884 1551 eam,
927 1504 1035 1543 inter
1067 1505 1348 1557 Archeologos
1381 1509 1549 1543 nostros
1581 1503 1802 1543 etiamnum

318 1561 556 1609 indecisam,
590 1561 915 1600 controversiam
941 1561 1117 1610 solvere,
1135 1569 1268 1602 utrum
1290 1561 1472 1602 Comites
1507 1559 1662 1608 Castri‚
1692 1572 1800 1611 quo-

318 1631 409 1657 rum
445 1625 649 1669 utcunque
697 1629 802 1669 vaga
843 1618 1040 1657 memoria
1080 1625 1295 1670 superest,
1343 1619 1490 1666 iidem,
1536 1630 1586 1657 an
1627 1617 1798 1662 diversi,

317 1676 424 1726 quod
455 1675 583 1714 multo
616 1675 746 1726 magis
773 1674 1009 1714 verosimile
1042 1677 1192 1722 evadit,
1225 1689 1247 1715 a
1274 1675 1505 1716 Comitibus
1531 1673 1798 1714 Parochianis

316 1731 500 1771 suerint?
532 1731 766 1770 affirmabat
798 1731 1051 1771 identitatem
1075 1732 1222 1772 Kollzir
1243 1746 1333 1772 cum
1357 1733 1515 1784 Pra503
1547 1730 1797 1771 contrarium

314 1788 550 1828 Kovachich
574 1789 617 1840 ¹³)
652 1795 859 1838 senserat,
893 1789 957 1827 hic
989 1789 1095 1828 enim
1135 1789 1317 1830 Comites
1352 1788 1490 1829 castri
1523 1788 1616 1828 huic
1648 1787 1797 1835 solum,

315 1845 551 1885 latifundiis
587 1846 679 1884 item
713 1858 759 1884 eo
793 1846 1088 1896 spectantibus,
1121 1847 1351 1897 praefectos
1384 1858 1475 1885 esse
1508 1846 1646 1884 tradit.
1678 1844 1796 1884 Eos-

313 1904 401 1941 dem
437 1903 475 1941 in
510 1902 706 1953 populum
738 1903 926 1952 praecise
958 1909 1205 1942 castrensem
1238 1903 1482 1942 auctoritate
1514 1902 1642 1949 civili,
1664 1900 1796 1954 juxta,

312 1971 358 1998 ac
390 1958 562 1997 militari
595 1958 727 1996 fuisse
759 1958 953 2007 gavisos,
999 1959 1065 1996 vix
1098 1965 1159 1997 est
1190 1972 1263 1997 cur
1294 1959 1552 2006 dubitemu33
1585 1959 1794 1996 enimvero

313 2016 489 2054 evictum
534 2022 655 2065 puto,
702 2014 878 2065 amplam
925 2026 1012 2052 eam
1060 2022 1261 2054 terrarum
1310 2014 1494 2067 plagam,
1541 2027 1642 2066 quae
1686 2014 1794 2053 intra

312 2073 462 2112 limites
496 2073 785 2110 modernorum
820 2070 1096 2111 Comitatuum
1131 2072 1396 2121 diffunditur,
1430 2073 1479 2110 ad
1512 2071 1637 2110 castri
1669 2071 1792 2110 unius

312 2128 567 2169 territorium
601 2128 706 2167 haud
742 2140 941 2179 quaquam
974 2129 1242 2179 pertinuisse,
1275 2142 1404 2179 neque
1431 2140 1653 2168 numerosa
1676 2128 1794 2175 adeo,

312 2187 376 2226 liis
424 2185 574 2226 linibus
621 2191 833 2232 contenta,
891 2185 1197 2231 l'raelatoruni,
1251 2185 1534 2237 Optimatum,
1581 2184 1793 2225 Nobilium

313 2242 548 2283 nobilitaria
580 2242 844 2294 possessoria
877 2249 1030 2292 partem
1064 2243 1279 2290 territorii,
1326 2244 1374 2281 ad
1409 2242 1602 2282 Castrum
1635 2242 1793 2293 regium

312 2301 552 2351 spectantis,
585 2300 693 2350 quod
728 2299 864 2350 utique
898 2299 936 2337 in
971 2300 1133 2350 privato
1174 2301 1296 2353 Regis
1329 2300 1511 2339 dominio
1556 2305 1664 2348 erat,
1695 2298 1792 2338 effi-

314 2371 402 2397 cere
435 2357 621 2408 potuisse
644 2356 700 2408 ⁰).

897 2414 942 2467 ξ.
985 2415 1096 2460 243.

405 2483 631 2537 Qecamrl's
668 2484 899 2526 restricta
936 2481 1144 2527 subinde
1181 2496 1288 2528 cum
1321 2492 1584 2541 pole-sulm.

337 2565 511 2609 Verum
562 2565 794 2609 imminuta
845 2562 918 2608 ubi
970 2563 1342 2610 Normannorum
1386 2562 1648 2611 incursibus
1692 2560 1789 2606 Im-

236 2678 267 2716 Ἰ)
298 2680 334 2711 ln
361 2688 459 2720 spec,
487 2680 593 2710 θεον.
620 2680 656 2709 S.
682 2677 834 2708 Ladislai
861 2678 896 2709 L.
923 2677 980 2709 ΙΙΙ.
1005 2688 1034 2709 c.
1058 2679 1112 2711 16.

235 2725 270 2766 1’)
298 2728 335 2759 111
356 2729 537 2768 Regefltro
568 2725 694 2755 hii-all.
718 2724 905 2763 repetilim.

233 2772 266 2813 c)
294 2775 390 2814 Lege
418 2773 541 2814 desup.
578 2770 785 2802 Kovachlctn
818 2769 1052 2810 nothomit.
1076 2768 1105 2809 §.
1140 2769 1194 2802 39.
1231 2767 1286 2802 40.
1310 2767 1366 2802 42.
1390 2771 1426 2800 et
1449 2776 1523 2808 seq.
1552 2766 1640 2799 Item
1672 2763 1785 2797 Botka

301 2826 373 2853 not.
397 2819 490 2861 Dipl.
523 2821 591 2852 vet.
614 2819 741 2851 const.
766 2816 893 2850 comit.
916 2825 935 2848 a
956 2825 990 2858 p.
1018 2815 1178 2851 10.—24.
