1941 3143
1638 111 1698 155 93

118 219 396 269 troversiam
429 217 591 268 vocari
628 225 793 280 queat,
854 219 1000 280 ipsius
1026 216 1220 266 Concilii
1246 218 1543 266 Oecumenici
1587 233 1704 265 auc·-

122 292 306 335 toritate
334 288 599 335 roboratam
641 288 698 345 ἃ).

176 370 225 424 *)
259 370 538 410 Sinceritatem
578 366 720 407 Bullae
765 367 1047 420 Sylvestrinae
1088 393 1142 399 -
1183 366 1249 406 cui
1289 366 1438 414 multa,
1484 372 1523 405 et
1563 367 1706 419 gravia

232 427 386 478 opponi
430 439 507 465 non
551 437 612 463 me
655 423 752 462 latet
796 447 849 452 —-
882 426 918 463 si
961 425 1240 472 admittimus,
1285 436 1352 463 res
1389 423 1531 473 utique
1566 424 1699 461 omnis

232 481 446 521 conficitur
476 494 549 532 per
581 480 705 519 verba
737 480 884 518 ibidem
920 481 1178 532 reperibilia:
1220 480 1538 529 „Secundum
1573 480 1704 530 quod

233 538 442 587 „divina
473 537 647 588 gratia
677 535 760 583 Te,
794 542 841 574 et
874 536 1427 588 illos(Successores)
1461 535 1706 574 docuerit

235 593 543 642 „Ecclesias
577 592 743 642 Regni
774 592 875 631 Tui
908 599 1257 642 praesentes,
1290 599 1337 631 et
1370 592 1583 631 futuras
1616 604 1705 630 no-

235 655 398 698 „stra,
429 662 484 687 ac
516 660 885 687 successorum
918 655 1221 688 nostrorum
1256 650 1367 688 vice
1402 649 1705 699 disponere,

237 712 312 754 „et
343 706 597 744 ordinare
630 726 682 732 -—
713 726 768 733 —-
801 726 852 732 —-
886 705 1150 744 similiter
1181 704 1583 744 concessimus“
1617 703 1706 743 Ve-

236 775 326 801 rum
369 762 448 801 etsi
473 761 578 800 haud
611 766 778 810 gravate
833 762 1102 800 concedamus
1159 774 1228 800 eas
1271 761 1452 799 Litteras
1499 761 1707 813 Sylvestri

237 818 395 869 Papae,
440 830 539 869 quas
581 816 785 855 luchoffer
827 817 986 867 primus
1031 817 1210 856 omnium
1251 817 1291 856 in
1324 817 1453 855 lucem
1486 823 1706 867 protraxe-

239 882 303 914 rat
324 874 396 925 ¹³),
427 887 517 913 esse
551 873 814 923 suppositas,
856 873 1158 924 qualescunque
1198 875 1358 912 tandem
1391 873 1568 912 similem
1601 886 1708 912 con-

241 931 467 969 cessionem
499 929 770 980 exprimentes
802 929 851 968 ab
884 930 958 968 hoc
985 929 1179 969 Pontifice
1196 943 1286 969 cum
1317 929 1431 981 regio
1454 929 1707 977 Diademate,

240 993 278 1025 et
309 999 426 1025 cruce
458 987 499 1025 in
531 987 690 1038 signum
724 985 1007 1035 Apostolatus,
1039 992 1158 1037 atque
1189 986 1431 1038 Legationis
1464 999 1537 1037 per
1565 986 1708 1025 Astri—

240 1056 329 1082 cum
375 1043 504 1081 fuisse
551 1047 804 1092 reportatas,
852 1043 942 1092 quis
986 1044 1148 1081 tandem
1192 1043 1250 1081 ita
1291 1048 1481 1094 negatum
1529 1043 1626 1091 ibit,
1666 1047 1710 1082 ut

239 1099 590 1137 evidentissimam
639 1098 766 1137 lucem
813 1098 861 1136 ab
906 1098 1104 1138 Hartvieo
1148 1112 1250 1149 pene
1290 1111 1440 1138 coaevo
1466 1099 1531 1149 e),
1572 1104 1710 1150 totque

239 1154 332 1193 aliis
365 1155 648 1205 Scriptoribus
681 1154 801 1192 nobis
835 1154 898 1194 hic
928 1167 1135 1194 accensam
1169 1155 1433 1206 exstinguat?
1476 1155 1578 1201 Quis
1605 1168 1711 1194 con—

239 1216 301 1249 tra
334 1211 467 1267 ipsius
501 1211 585 1248 divi
614 1210 739 1261 Regis
772 1223 815 1248 ac
848 1212 1142 1250 Successorum
1180 1211 1483 1260 Fundationes,
1516 1217 1553 1250 et
1584 1223 1711 1261 aper-

239 1273 317 1305 tam
350 1266 652 1317 professionem
686 1266 842 1304 tenoris
886 1269 1119 1317 sequentis,
1167 1268 1331 1306 minime
1378 1274 1484 1306 certe
1518 1268 1711 1320 ambigui,

241 1322 547 1362 controvertet?
591 1327 667 1369 „et
697 1322 841 1360 sicut
873 1323 1032 1362 habui
1068 1329 1391 1375 potestatem
1436 1324 1558 1376 (sunt
1590 1326 1713 1364 verba

242 1379 355 1427 „divi
403 1378 625 1430 Stephani)
673 1384 726 1416 ut
772 1378 1106 1430 ubicunque,
1163 1380 1246 1419 vel
1295 1381 1344 1419 in
1393 1393 1712 1432 quocunque

243 1436 390 1483 „loco
455 1434 647 1474 vellem
707 1433 1018 1483 Ecclesias,
1065 1442 1155 1475 aut
1206 1437 1545 1476 Monasteria
1590 1450 1712 1476 con-

243 1498 575 1542 „strueremz
624 1491 703 1529 ita
749 1490 1118 1531 nihilominus
1165 1506 1188 1531 a
1233 1493 1499 1532 Romanae
1546 1494 1713 1532 sedis

243 1560 526 1599 „supremo
558 1546 838 1586 Pontifice
881 1546 1043 1586 habui
1074 1550 1487 1597 auctoritatem,
1520 1549 1713 1600 quibus

244 1605 465 1654 „vellem
511 1603 807 1650 EcclesiiS,
854 1616 943 1642 seu
985 1604 1353 1644 Monasteriis
1395 1605 1714 1655 libertates,

243 1674 326 1709 „ac
372 1660 670 1713 dignitates
715 1659 1081 1711 conferre.“‹¹)
1167 1663 1382 1701 Adversus
1436 1662 1712 1701 universalem

241 1718 503 1756 traditionem
535 1716 709 1766 denique
751 1716 842 1766 quis
884 1715 1060 1756 inficiari
1091 1716 1263 1766 valebit,
1307 1719 1413 1768 quod
1445 1731 1491 1757 ex
1522 1719 1588 1757 his
1621 1732 1716 1758 om-

242 1774 365 1813 nibus
398 1786 488 1812 cum
520 1772 721 1823 singulis,
765 1778 850 1810 tum
884 1772 991 1810 inter
1031 1786 1075 1811 se
1103 1771 1260 1826 junctis
1300 1787 1396 1812 vere
1428 1775 1595 1813 docebat
1628 1775 1715 1813 La-

244 1829 437 1868 kicsius‘e
457 1829 497 1881 ⁰)
531 1827 810 1878 „Quamquam
842 1826 1146 1868 Fundationum
1179 1830 1330 1869 tabulis
1364 1831 1552 1870 omnibus
1579 1832 1715 1870 desti-

247 1892 505 1935 „tueremur,
555 1897 655 1935 quae
702 1884 740 1922 id
788 1884 1003 1934 perspicue
1045 1885 1291 1936 loquuntur,
1323 1887 1415 1937 ipsa
1456 1893 1587 1926 tamen
1621 1888 1717 1927 haec

247 1941 539 1992 „pervulgata‚
572 1946 609 1978 et
641 1940 806 1990 antiqua
837 1941 1055 1990 persvasio
1087 1955 1168 1981 non
1200 1943 1338 1994 utique
1370 1949 1464 1982 nata
1494 1957 1541 1982 ex
1573 1944 1717 1993 nihilo,

247 1999 346 2047 „sed
379 1998 573 2037 continua
603 1994 811 2049 Majorum
852 1997 1071 2036 traditione
1112 1999 1162 2036 ad
1194 2012 1269 2038 nos
1311 2012 1440 2050 usque
1480 2006 1716 2053 propagata,

247 2055 380 2103 „satis
413 2066 484 2103 per
516 2066 606 2092 sese
639 2054 688 2091 ad
730 2052 918 2092 idoneam
951 2054 1232 2105 probationem
1265 2055 1492 2096 faciendam
1525 2058 1714 2097 momenti

248 2110 466 2159 „habitura
498 2110 649 2148 esset.“

823 2198 870 2253 ᾗ.
910 2200 1022 2245 478.

137 2294 177 2338 I.
217 2294 326 2340 Rea·
353 2297 580 2339 nominat
610 2304 656 2340 et
677 2301 920 2354 transfert
951 2296 1249 2355 Epi-scopos,
1290 2306 1338 2341 et
1368 2307 1595 2344 caeteros
1623 2300 1715 2344 Be-

790 2365 1060 2416 nesicz'atos.

271 2456 451 2502 Virtute
478 2457 612 2515 hujus
637 2459 743 2504 Rex
765 2457 1031 2518 Hungariae
1057 2463 1104 2506 in
1140 2461 1335 2521 Regnis,
1374 2477 1429 2508 ac
1455 2463 1716 2511 Provinciis

176 2565 210 2606 ⁸)
237 2567 335 2600 Conf.
361 2569 544 2612 Batthyani
571 2576 606 2603 et
632 2569 832 2611 Szvorenyi
859 2571 893 2602 in
919 2581 1022 2612 oper.
1058 2577 1093 2605 et
1118 2574 1182 2606 loc.
1208 2575 1266 2608 cit.

176 2622 210 2661 1))
240 2627 360 2657 Annal.
386 2627 523 2658 Eccles.
549 2629 636 2668 Reg.
662 2628 777 2668 Hung.
807 2628 888 2660 edit.
915 2628 1090 2669 primaev.
1117 2631 1154 2664 Τ.
1185 2633 1216 2664 1.
1243 2642 1274 2674 p.
1300 2631 1380 2665 256.

178 2679 211 2719 c)
238 2683 275 2713 ln
303 2683 376 2714 vila
404 2684 439 2715 S.
468 2684 589 2725 Steph.
617 2685 671 2716 ed.
700 2686 802 2725 Pray.
830 2695 858 2725 p.
886 2684 963 2718 134.

176 2734 213 2780 ὅ)
239 2740 276 2771 ln
315 2740 465 2780 Diplom.
504 2741 658 2773 Monast.
695 2740 906 2782 Bakonyhel
938 2743 1021 2775 dato
1055 2744 1097 2776 de
1132 2745 1235 2776 Anno
1271 2745 1371 2779 1037.
1407 2745 1498 2786 quod
1526 2745 1557 2775 in
1593 2744 1715 2775 Annal-

242 2785 331 2819 edid.
359 2786 450 2827 Pray
475 2787 512 2819 P.
539 2788 564 2818 1.
590 2797 620 2829 p.
646 2787 700 2820 42.

177 2842 209 2880 e)
236 2842 412 2875 Praeleet.
440 2842 570 2876 Canon.
597 2852 628 2885 p.
656 2844 737 2878 252.
764 2847 800 2877 et
826 2852 903 2885 seq.
