1941 3143
1652 89 1712 136 63

245 198 376 251 Reges
406 209 504 238 suos
533 196 582 237 ab
609 197 684 237 ΑΜ
717 197 856 245 1134.,
888 201 936 240 ad
955 195 1184 239 Aua-1250.
1214 209 1234 238 e
1266 196 1425 237 duabus
1454 197 1648 238 Sverkeri
1678 203 1717 238 et

244 256 355 296 Erici
401 255 602 306 stirpibus
654 255 882 297 alternatim
929 256 1129 309 eligebant
1151 256 1217 307 ὖ),
1262 266 1344 293 non
1391 267 1715 304 commemorem,

245 311 468 363 exemplum
492 310 668 350 vicinius
693 314 984 359 successionis,
1016 311 1206 364 populari
1229 323 1434 350 consensu
1457 317 1715 362 temperatae,

243 369 415 409 Polonia
442 368 482 406 in
519 367 802 419 Jagellonibus
843 372 1022 412 dederat.
1066 369 1152 407 Imo
1187 368 1425 407 electionem
1461 369 1512 406 ad
1549 369 1717 407 eandem

241 424 509 477 regnatricem
546 423 758 465 Familiam
803 432 1047 466 coarctatam
1082 425 1288 476 plerisque
1329 424 1521 475 Europae
1563 423 1716 476 Regnis

244 482 462 533 aliquando
489 480 749 530 usuvenisse,
784 484 860 522 Vir
880 482 1091 522 excellenti
1114 482 1301 521 doctrina
1326 480 1505 522 Michael
1531 480 1716 534 Ignatius

244 538 426 579 Schmidt
456 537 665 589 praeclare
697 540 934 580 observavit
953 539 1011 594 ¹³).

840 666 886 720 ὃ.
928 667 1005 711 57.

444 763 582 810 L'sze
618 762 834 823 quadam
872 762 1128 809 electionis
1163 763 1382 820 Species.

270 858 600 906 Constantinus
628 863 828 922 inquam,
868 862 944 920 qui
983 859 1039 906 de
1066 858 1293 917 Majorum
1330 864 1599 904 nostrorum
1636 859 1715 904 in-

135 927 371 973 cunabulis
397 934 548 973 aetate
575 943 744 989 suppar
785 929 824 985 ⁰)
855 930 987 983 scite,
1027 934 1072 973 et
1111 928 1305 987 copiose
1343 925 1579 982 disseruit,
1617 939 1716 970 rem

136 994 251 1040 adeo
292 1009 500 1053 gravem.
539 1010 593 1040 ac
628 996 816 1055 proprie
856 993 1204 1040 substantialem
1239 994 1443 1050 nescire,
1494 998 1571 1038 aut
1609 998 1715 1037 stu-

135 1061 210 1105 dio
255 1064 458 1107 reticere
492 1064 575 1108 vix
613 1064 772 1123 potuit.
838 1060 954 1115 Quid
998 1063 1138 1120 igitur
1190 1060 1329 1117 aliud,
1369 1085 1436 1093 -—-
1472 1059 1714 1105 silentibus

134 1130 481 1172 coaevis—ex
515 1131 648 1174 unius
681 1129 915 1189 Anonymi
954 1129 1237 1183 narratione,
1276 1126 1572 1186 generalibus
1612 1132 1714 1171 ter-

131 1194 265 1237 minis
292 1193 490 1253 prolata,
531 1202 626 1239 tute
663 1202 811 1240 restat
838 1194 1187 1254 colligendum?
1225 1195 1314 1239 nisi
1367 1193 1491 1253 quod
1532 1193 1715 1254 simpli-

133 1261 258 1304 citati
283 1259 460 1320 populi,
498 1260 798 1320 ejusdemque
824 1261 1079 1306 bellicosae
1107 1260 1249 1305 indoli
1277 1262 1580 1320 caeteroquin
1607 1274 1714 1306 om-

131 1328 255 1372 nium
296 1328 494 1372 maxime
535 1326 845 1386 congruebat:
906 1327 1197 1386 proclamare
1235 1341 1401 1388 nempe
1441 1326 1711 1384 Rectorem,

130 1400 268 1454 atque
296 1407 560 1454 supremum
584 1396 872 1440 exercituum
887 1393 1080 1450 Ducem,
1109 1407 1243 1453 quem
1268 1407 1381 1452 prae
1408 1395 1608 1439 caeteris
1634 1394 1714 1440 vel

131 1461 336 1507 strenum
375 1463 666 1522 experientia
704 1462 1037 1521 cognovisset,
1089 1459 1167 1507 vel
1215 1460 1381 1507 saltem
1425 1473 1509 1521 spe
1542 1460 1714 1518 valida,

129 1527 435 1590 undecunque
462 1535 705 1590 concepta,
730 1529 1076 1576 vaticinaretur.

829 1663 876 1719 ς.
918 1665 996 1710 58.

494 1762 576 1809 Ad
605 1765 798 1821 reqz‘am
833 1764 1050 1821 Stirpem
1086 1763 1330 1806 restricta.

265 1874 424 1921 Verbo
465 1875 634 1921 electio
684 1875 889 1931 isthaec,
947 1879 1087 1935 prout
1125 1887 1226 1918 eam
1260 1872 1498 1919 Auctores
1536 1873 1712 1934 passim

130 1942 426 2003 compellant,
466 1941 626 1988 Gentis
666 1943 937 1999 Primorum,
987 1940 1238 1986 declaratio
1276 1938 1378 1996 fuit,
1417 1943 1712 1986 assentiens-

129 2023 218 2069 que
258 2007 417 2070 populi
453 2011 688 2067 voluntas,
725 2024 843 2070 quae
880 2010 926 2054 in
965 2007 1151 2054 defectu
1180 2007 1301 2066 legis
1337 2006 1712 2064 fundamentalis,

128 2075 377 2121 haeredem
440 2076 658 2136 specifice
697 2076 1018 2136 designantis,
1076 2075 1345 2121 necessaria
1394 2074 1711 2134 reputabatur,

129 2145 395 2202 priusquam
428 2142 632 2188 habenas
674 2158 825 2190 novus
864 2145 1108 2204 princepS,
1149 2141 1384 2187 Genitoris
1419 2142 1710 2202 plerumque,

130 2209 607 2256 autPraedecessoris
637 2213 942 2267 auctoritate,
982 2216 1118 2269 atque
1158 2207 1559 2254 commendatione
1599 2207 1707 2254 suf—

128 2274 286 2333 fultus,
335 2277 540 2335 legitime
588 2280 920 2339 auspicaretur.
977 2274 1371 2331 Quemadmodum
1418 2274 1464 2320 id
1502 2274 1708 2320 Historia

127 2344 349 2404 temporis
393 2342 434 2401 d)
474 2347 714 2406 seriesque
739 2345 916 2390 Ducum
951 2346 1117 2405 primo,
1167 2350 1335 2403 postea
1377 2341 1586 2401 Regum,
1623 2341 1710 2388 sibi

130 2409 290 2455 ordine
336 2411 698 2469 succedentium,
761 2413 894 2458 ducta
937 2411 991 2456 ab
1025 2409 1217 2471 Arpado
1258 2408 1317 2455 ad
1353 2408 1588 2456 Andream
1627 2407 1707 2454 111.

132 2488 242 2522 suae
270 2479 426 2539 stirpis
452 2480 673 2538 ultimum,
700 2479 896 2525 ubertim
922 2477 1209 2524 confirmant.

172 2601 202 2635 ιι)
228 2603 322 2635 Frid.
346 2607 448 2638 Rfihs
474 2604 640 2648 Gjet'ctyicme
664 2605 865 2648 &dymebenssl
891 2607 1017 2640 Haliae
1044 2608 1081 2640 Ρ.
1108 2607 1138 2638 1.
1167 2606 1204 2639 L.
1230 2605 1264 2638 3.
1288 2613 1364 2646 pag.
1390 2603 1575 2637 81.-108.

168 2644 205 2686 b)
231 2645 315 2680 ‘Jteue
338 2648 502 2694 &wichte
526 2653 576 2684 rer
602 2650 780 2694 Dcutsctycn.
806 2654 846 2686 T.
872 2651 903 2685 4.
932 2654 966 2685 L.
992 2651 1023 2684 4.
1050 2652 1088 2685 C.
1114 2652 1169 2684 15.
1196 2654 1233 2683 et
1256 2652 1358 2684 Riihs
1393 2660 1449 2691 op.
1483 2650 1542 2682 eit.
1571 2659 1601 2691 p.
1628 2645 1702 2681 104».

170 2693 202 2731 c)
229 2694 328 2726 conf.
356 2697 486 2739 Georg.
513 2699 604 2738 Pray
631 2700 721 2731 Hist.
749 2702 849 2740 Regy
866 2701 985 2741 Hung.
1011 2700 1048 2730 P.
1076 2699 1103 2729 1.
1132 2701 1204 2729 not.
1231 2707 1353 2739 praev.
1379 2706 1453 2739 pag.
1482 2697 1523 2727 ΙΙ.

169 2737 204 2780 ¹¹)
233 2740 308 2773 Vid.
334 2743 448 2775 Alold.
474 2745 517 2775 de
542 2745 704 2777 Peklarn.
734 2747 767 2778 in
795 2749 866 2778 uot.
896 2746 1062 2778 Anecdot.
1088 2744 1131 2774 ad
1156 2744 1222 2775 An.
1250 2744 1330 2776 972.
1358 2761 1397 2768 -
1428 2741 1639 2774 Hartvicum
1668 2739 1704 2771 in

233 2787 305 2864 ἔξω
332 2788 368 2820 S.
395 2790 516 2866 ¹steph.
542 2791 596 2823 ed.
621 2792 712 2833 Pray
740 2801 770 2834 p.
795 2793 874 2825 123.
898 2810 943 2817 —
967 2792 1147 2824 Thurocz.
1174 2789 1305 2824 Chron.
1329 2790 1370 2823 P.
1394 2788 1476 2823 2.C.
1502 2788 1558 2822 33.
1572 2784 1627 2820 47.
1649 2786 1705 2819 55.

282 2860 289 2866 .
314 2837 350 2866 et
376 2843 394 2866 a
411 2835 476 2869 ios.
