1941 3143
219 51 279 97 18

220 163 341 209 Dein
367 177 536 224 preces
561 177 647 227 pro
674 162 1009 211 incolumitam
1050 170 1189 225 atque
1215 164 1340 213 felici
1364 165 1610 228 Regimine
1635 171 1811 218 Terrae

214 231 460 293 Principisu
496 233 590 289 jam
618 248 678 278 ex
717 234 1035 291 antiquissima
1077 231 1494 297 Colomanni.lege
1527 240 1571 283 in
1601 238 1811 287 omnibus

213 298 366 359 Regni
404 299 630 346 Ecclesiis
674 299 944 345 recitandae
988 300 1046 357 ⁴¹).
1113 300 1282 347 Luctus
1332 304 1572 365 publicusf.
1632 321 1810 353 annuus

215 381 539 428 campanarum
565 369 756 430 pulsus;
785 367 1058 428 designatus
1085 368 1217 415 locus
1245 372 1529 432 sepulturam
1560 377 1634 435 qui
1662 389 1810 435 usque

215 436 453 481 exitialem
488 435 731 483 Ecclesiae
771 435 968 482 Albensi
1000 449 1168 483 annum
1217 440 1359 486 1543.
1389 441 1621 488 ordinarie
1662 441 1812 488 Albae

214 502 394 563 Regiae
426 503 514 550 fuit
556 504 619 563 ¹³),
659 504 842 565 aliaque
869 503 1005 563 hujUs
1035 506 1241 566 generis.

831 635 1042 691 caput
1073 637 1206 682 111.

215 722 290 775 De
342 722 582 777 Juribus
636 724 966 793 Regiminis
1026 727 1077 780 in
1128 742 1379 795 genere,
1433 730 1814 786 etnonnullis

867 812 1151 879 separate.

921 914 965 969 ὃ.
1010 913 1122 960 345.

364 1006 499 1060 Quae
533 1008 631 1054 hoc
667 1009 813 1055 titulo
852 1011 984 1067 Ηεῃϊ
1014 1013 1312 1067 Hemyariae
1350 1022 1654 1058 asseruntur.

348 1102 457 1148 Jura
485 1105 760 1164 RegiminiS,
800 1122 1004 1154 summae
1031 1111 1254 1169 potestati
1283 1111 1548 1168 conjuncta.
1588 1109 1642 1155 ad
1663 1112 1810 1171 ipsam

206 1171 300 1227 jam
325 1169 712 1228 gubernationem
740 1177 901 1222 stricte
928 1175 1214 1234 referuntur,
1244 1178 1599 1239 complectendo
1627 1185 1809 1233 cuncta·⁷

210 1252 329 1297 quae
369 1239 595 1299 integram
623 1241 915 1299 Majestatem
945 1258 1148 1290 summae
1176 1245 1343 1304 agendi
1369 1247 1632 1290 auctoritati
1657 1245 1810 1290 indis-

211 1304 397 1350 solubili
438 1322 563 1353 nexu
627 1309 893 1369 colligatam
936 1312 1158 1357 efficiunt..
1221 1312 1272 1358 In
1318 1315 1421 1358 istis
1471 1313 1653 1372 singula
1708 1313 1810 1358 dum

212 1379 366 1417 mente
394 1377 633 1421 attentiori
663 1378 864 1425 revolvo
883 1414 895 1436 5
937 1386 982 1425 et
1013 1380 1068 1425 ad
1094 1394 1172 1425 res
1200 1387 1389 1426 nostras
1427 1383 1621 1441 propius
1652 1382 1812 1441 exigo„

211 1440 434 1501 explicite
463 1444 688 1503 quaedam
716 1460 1085 1493 commemorare
1115 1454 1320 1509 oportet„
1354 1450 1422 1493 sic
1452 1449 1642 1509 propria
1658 1447 1812 1508 Regi-

210 1506 296 1552 bus
324 1512 516 1555 nostriS.
546 1518 592 1557 et
618 1511 719 1557 fere
748 1515 1019 1573 singularia„
1051 1523 1100 1561 ut:
1127 1530 1294 1575 magna
1323 1516 1393 1562 sui
1420 1529 1471 1561 se
1488 1521 1622 1576 parte
1640 1515 1811 1562 distin-

211 1583 356 1634 gvant
398 1577 452 1622 ab
481 1578 673 1624 aliarum
701 1579 914 1627 Gentium
945 1582 1242 1644 homonymis
1275 1584 1511 1628 institutis.
1572 1582 1686 1641 Ejus
1719 1598 1812 1644 ge-

209 1644 338 1687 neris
376 1645 630 1705 Privilegia
678 1654 785 1693 sunt
823 1649 1016 1707 indole,
1068 1650 1217 1696 forma
1260 1650 1427 1696 effectu
1468 1649 1522 1695 ab
1563 1651 1665 1696 aliis
1705 1650 1813 1696 alibi

209 1710 476 1771 Privilegiis
504 1728 598 1759 non
624 1729 786 1775 parum
814 1716 1126 1777 divergentiffi
1154 1733 1348 1779 quorum
1366 1719 1680 1763 concessione
1697 1733 1812 1764 cae-

210 1784 311 1823 tera
351 1782 472 1826 inter
506 1784 744 1841 regiarum
772 1783 1070 1831 donationum
1103 1786 1290 1845 largitio
1335 1785 1408 1842 fit,
1438 1785 1543 1831 dein
1573 1785 1810 1847 perampla

207 1844 333 1891 Fisci
359 1848 497 1907 Regii
523 1848 651 1900 Jura,
690 1865 808 1910 quae
829 1855 974 1911 regiis
1002 1853 1093 1899 illis
1122 1852 1450 1899 collationibus
1480 1852 1671 1898 uberem
1699 1851 1810 1897 fon-

209 1919 301 1958 tem
335 1917 599 1975 propinant.
640 1916 765 1963 Nihil
807 1926 959 1964 autem
985 1919 1201 1979 impedit„
1244 1923 1489 1978 quominus
1531 1921 1813 1965 succinctam

208 1983 451 2042 utriusque
491 1981 714 2028 horumce
740 1983 918 2030 Jurium
956 1986 1320 2046 explicatIOnem
1368 1986 1603 2046 extemplo
1643 1987 1813 2046 ingre-

211 2046 403 2093 diamur.

908 2165 954 2219 ἓ.
996 2164 1108 2211 346.

322 2256 412 2306 slus
451 2260 762 2307 concedende·
793 2262 1111 2321 Pricz'leffl'mn
1152 2273 1225 2308 est
1258 2264 1390 2323 Rem·
1415 2253 1695 2325 propriam.

347 2358 636 2404 Potestatcm
708 2358 960 2419 Privilegia
1023 2360 1254 2420 largiendi
1294 2361 1472 2408 Jurium
1519 2362 1809 2424 Interpretes

211 2424 423 2470 nonnulli
450 2440 474 2469 a
502 2432 737 2485 potestate
766 2429 1033 2483 executiva,
1073 2428 1197 2489 quod
1221 2432 1493 2490 praemium⁷
1532 2438 1608 2476 aut
1634 2432 1810 2476 incita-

212 2499 415 2537 mentum
441 2496 711 2538 meritorum
742 2496 861 2550 si11t3
891 2495 965 2541 alii
993 2511 1017 2540 a
1046 2510 1262 2557 supremo
1290 2498 1424 2557 leges
1452 2497 1682 2544 condendi
1697 2497 1811 2544 Jure

210 2566 432 2619 repetere
467 2560 635 2617 solent,
676 2564 748 2606 cui
792 2562 972 2608 scilicet
997 2563 1080 2609 Jus
1109 2567 1247 2610 etiam
1277 2565 1404 2623 justa
1446 2565 1501 2611 de
1541 2580 1682 2612 causa
1708 2579 1811 2611 cum

213 2626 377 2671 eadem
404 2626 705 2688 dispensandi
733 2644 995 2676 connexum
1037 2631 1216 2691 dicunt3
1258 2647 1452 2695 quorum
1491 2635 1716 2682 utrumvis
1752 2647 1809 2678 an

252 2762 267 2778 ἃ
312 2756 349 2787 L.
376 2757 405 2788 2.
434 2758 473 2789 C.
503 2756 533 2788 6.

252 2753 289 2851 b}
315 2810 519 2854 Szvorenyi
546 2812 639 2864 Hist.
665 2814 764 2848 Eccl.
792 2816 969 2850 Amoenit.
996 2816 1078 2851 Fas.
1105 2818 1135 2850 5.
1162 2815 1190 2859 ὅ.
1217 2819 1248 2852 6.
1276 2827 1309 2861 p.
1335 2818 1393 2854 20.
1419 2823 1456 2853 et
1481 2828 1556 2861 seq.
