1941 3143
264 18 360 66 146

262 132 444 178 Diaetis
491 141 669 194 partem
723 133 937 194 ceperint
990 133 1381 195 Arcliiepiscopi,
1443 134 1697 198 Episcopi,
1755 152 1857 183 cum

260 202 536 262 Praeposito
564 202 744 260 Majore
768 201 1100 262 Zagrabiensi,
1129 202 1258 248 velut
1283 204 1456 249 Prioris
1486 204 1705 250 Auranae
1732 204 1856 251 Suc—

262 283 457 314 cessore
482 268 567 327 *);
608 272 715 331 quin
752 269 958 315 Abbatcs
999 284 1214 330 quoque,
1265 285 1319 316 ac
1358 272 1619 332 Praepositi
1655 275 1853 318 seorsim

260 335 381 381 bona
409 344 639 383 tenentes.
680 337 754 382 Ad
789 337 879 383 hoc
915 340 1119 398 suppetit
1147 340 1215 383 cis
1242 337 1515 384 bcnelicium
1545 339 1854 399 Prorogatio-

259 406 330 448 1115
351 439 362 452 ,
404 420 464 449 ex
503 420 591 464 quo
620 407 754 449 unius
796 407 963 461 integri
992 407 1097 449 311111
1126 404 1322 451 decursu
1360 422 1382 451 a
1423 406 1494 451 (lic
1524 406 1673 452 aditus
1700 407 1854 453 bene-

260 470 349 515 ficii
378 474 557 517 ratione
585 472 829 518 bonorum.
857 474 913 518 ad
940 472 1181 518 Ecclesias
1209 488 1316 518 suas
1345 477 1689 534 pertinentium,
1716 474 1853 520 modo

258 538 335 582 illa
366 538 565 584 discreta
595 555 617 584 a
647 540 899 600 Capitulis,
940 541 1017 585 vel
1055 539 1372 586 Conventibus
1414 541 1642 597 habeant,
1675 541 1851 599 judicio

258 612 384 650 stare
438 621 531 651 non
573 613 791 652 tenentur
834 609 907 666 ss),
947 623 1098 669 neque
1149 610 1461 654 testimonium
1512 609 1677 654 ibidem
1712 609 1851 666 jura—

256 680 412 718 mento
457 674 671 732 firmare,
712 677 843 734 cujus
882 678 987 721 vice
1025 675 1079 720 ad
1121 679 1366 737 puritatem
1409 679 1728 721 conscientiae
1776 676 1854 721 fa-

255 746 411 785 tentur
454 740 496 800 ¹³)
518 777 529 798 ,
569 757 732 788 verum
760 744 873 788 allas
900 743 1273 789 Juramentorum
1303 746 1487 805 species
1532 751 1576 788 et.
1605 746 1692 804 ipsi
1720 758 1850 788 more

255 809 451 853 aliorum
479 810 716 870 deponunt
737 845 748 857 „
780 811 903 856 istud
930 814 1018 857 ctsi
1046 811 1164 867 legis
1191 812 1335 857 verba
1363 811 1588 855 Praelatis
1630 811 1850 855 duntaxat

252 875 479 928 tribuant,
518 892 629 922 usus
657 878 954 924 nihilominus
983 878 1037 923 ad
1064 881 1314 924 universos
1351 877 1647 922 l'rcshitcros
1676 884 1850 922 exten-

253 942 331 988 dit.
371 944 578 1002 Majores
620 946 818 991 Praelati
860 947 913 991 ad
942 960 1109 990 causas
1147 947 1361 1006 propriam
1399 945 1738 989 Procuratores
1766 943 1848 989 sub

249 1014 454 1072 propriis
492 1013 657 1071 sigillis
696 1016 983 1058 constituunt
1028 1014 1098 1071 L');
1140 1019 1185 1057 ct
1223 1026 1341 1072 quae
1383 1020 1483 1057 sunl
1525 1012 1702 1072 reliqua
1729 1026 1848 1072 pro-

250 1081 378 1138 prius
433 1079 609 1136 adhuc,
662 1095 795 1139 quam
845 1096 962 1141 quae
1010 1080 1145 1125 modo
1184 1082 1586 1137 enumeravimus,
1623 1081 1700 1136 jus
1744 1081 1847 1139 pri-

248 1152 406 1190 vatum
446 1150 705 1204 attinentia,
744 1162 897 1209 neque
922 1147 1147 1194 hactenus
1173 1162 1258 1208 per
1292 1162 1441 1194 novas
1471 1149 1739 1193 sanctiones
1771 1145 1847 1190 di--

250 1216 411 1258 sertim
450 1214 646 1260 sublata.

276 1325 325 1376 ζἕξ)
360 1326 606 1375 „Prioratus
630 1327 852 1366 Auranae“
882 1353 936 1359 -
960 1328 1088 1367 refert
1115 1328 1292 1381 Prayus,
1324 1328 1390 1379 qui
1424 1329 1469 1367 de
1502 1327 1577 1367 hoc
1605 1324 1695 1378 ipso
1723 1339 1847 1378 pere-

365 1384 544 1423 ruditam
591 1397 637 1422 ex
671 1384 864 1434 professo
904 1386 1236 1425 dissertationem
1271 1386 1421 1437 publici
1464 1385 1581 1424 Juris
1610 1384 1760 1424 fecerat
1801 1382 1845 1435 d)

363 1467 444 1489 ,,-
482 1441 959 1492 1113ς3101131311311315,
992 1449 1029 1481 et
1066 1444 1281 1494 dignitatis
1311 1443 1386 1481 sub
1418 1443 1598 1495 Regibus
1621 1448 1720 1486 erat,
1752 1453 1846 1480 nam

362 1499 459 1548 „qui
496 1498 583 1536 loco
617 1498 850 1548 praefectus
886 1499 977 1547 suit,
1009 1514 1097 1539 cum
1136 1507 1245 1539 etex
1273 1501 1472 1551 profana,
1505 1507 1543 1538 et
1567 1498 1848 1538 ecclesiastica

362 1555 683 1606 „praerogativa
735 1556 1035 1606 participaret,
1078 1558 1184 1596 inter
1224 1558 1404 1596 Baroncs
1452 1556 1613 1609 Regni,
1665 1569 1712 1594 ex
1759 1555 1846 1593 Re-

360 1625 483 1663 „gum
521 1611 804 1663 Ordinumque
831 1614 993 1653 decreto
1033 1614 1163 1653 locum
1202 1614 1361 1662 babuit,
1395 1626 1540 1652 nomen
1575 1611 1634 1650 1111
1667 1611 1845 1650 inditum

359 1669 437 1717 „ab
472 1669 639 1707 Aurana
671 1676 833 1718 castro,
868 1672 973 1721 quod
1001 1671 1109 1710 inter
1146 1670 1362 1718 Jaderam,
1395 1676 1433 1708 et
1463 1669 1696 1709 Sibenicum
1734 1667 1844 1707 Dal-

360 1726 536 1774 „matiac
578 1725 711 1765 Urbes
756 1728 803 1765 ad
838 1728 1119 1778 cognominem
1163 1727 1293 1766 locum
1336 1728 1458 1766 situm
1505 1731 1580 1765 est.
1628 1724 1842 1764 Prioris

357 1795 547 1833 „quoque
569 1789 750 1833 potestas
784 1784 951 1828 diffusa,
985 1786 1176 1824 omnibus
1201 1785 1305 1824 enim
1333 1797 1406 1836 per
1428 1782 1685 1835 Hungariam
1725 1780 1844 1821 Scla—

358 1841 581 1887 ,‚voniam‚
630 1841 906 1889 Dalmatiam,
957 1842 1140 1893 aliasque
1191 1855 1365 1881 coronae
1413 1841 1611 1880 obnoxias
1663 1839 1842 1878 ditiones

357 1895 673 1944 „conventibus
731 1898 904 1936 fratrum
952 1898 1261 1938 cruciferorum
1306 1897 1540 1948 Hospitalis
1585 1895 1844 1947 Hyerosoli-

357 1953 529 2001 „mitani
559 1966 753 2003 suprema
779 1954 1022 1994 auctoritate
1055 1955 1246 2006 praefuit.
1282 1954 1520 1994 Conventus
1545 1954 1683 1991 dixere
1709 1952 1841 1991 Prae-

356 2016 640 2060 „ceptm-atus,
674 2017 711 2048 et
748 2011 816 2061 qui
849 2010 922 2049 hos
964 2012 1310 2058 moderabantur,
1343 2010 1679 2061 PraeceptoreS.“
1729 2007 1840 2046 Haec

353 2066 541 2119 Prayus,
577 2068 645 2117 qui
686 2080 765 2106 una
798 2068 912 2106 addit
942 2091 996 2098 —
1035 2070 1140 2120 quod
1176 2068 1357 2118 alioquin
1399 2067 1556 2118 liquido
1588 2070 1749 2105 constat
1786 2086 1839 2092 —

357 2124 625 2175 „dignitatem
680 2124 782 2163 banc
832 2137 959 2175 usque
1004 2131 1190 2177 tempora
1234 2124 1375 2165 Cladis
1416 2123 1708 2163 Mohacsianae
1760 2121 1840 2160 flo-

355 2182 566 2227 ‚,ruisse.“
599 2182 742 2220 Serius
776 2181 1012 2232 Praepositi
1043 2181 1230 2235 Majores
1265 2181 1557 2233 Zagrabiensis
1590 2178 1773 2231 Capituli
1793 2191 1840 2218 ex

355 2238 512 2290 Regum
538 2238 818 2277 beneficientia
844 2240 1018 2290 primum
1055 2241 1216 2291 quidem
1251 2240 1600 2279 Gubernator
1617 2249 1684 2285 es,
1717 2237 1838 2274 modo

351 2293 436 2347 jam
485 2296 654 2335 Priores
696 2297 888 2335 Auranae
937 2298 1216 2337 nominantur.
1264 2296 1375 2343 Quae
1428 2301 1562 2334 autem
1612 2293 1758 2338 Juris,
1800 2297 1837 2330 et

353 2352 568 2403 dignitatis
602 2353 796 2392 Priorum
833 2354 1024 2394 Auranae
1062 2354 1244 2402 suerint,
1285 2354 1327 2392 in
1368 2351 1600 2403 Tripartito
1631 2347 1838 2399 descripta

352 2410 536 2460 reperies
580 2410 639 2462 ⁰).

275 2572 309 2609 a)
335 2574 374 2607 Ρ.
399 2574 442 2606 11.
455 2578 497 2606 tt.
525 2575 579 2608 50.

274 2619 312 2660 b)
337 2622 376 2653 P.
404 2621 446 2653 ss.
474 2625 513 2652 tt.
540 2621 597 2653 40.

276 2666 308 2704 c)
335 2668 372 2700 P.
401 2669 442 2700 11.
470 2671 508 2699 11.
539 2669 593 2700 13,
617 2665 647 2707 11.
673 2668 704 2701 6.

274 2712 310 2753 ⁴¹)
338 2715 498 2746 Viennae
529 2716 566 2746 Α.
595 2715 696 2746 1773.

274 2762 307 2802 ε1)
335 2763 374 2796 Ρ.
402 2763 444 2794 11.
467 2765 506 2792 11.
538 2760 591 2793 54.
