1941 3143
508 502 1244 555 Introductio.

825 750 872 804 ἓ.
912 747 946 793 Ι.

308 850 396 894 Jus
432 850 727 906 Hemyarz‘ae
754 847 1003 907 publicum
1031 856 1113 899 est,
1154 857 1200 891 et
1219 849 1480 905 privatum.

211 947 551 1043 Doctrinae,
604 1001 738 1047 quam
785 984 1009 1031 historice
1059 985 1361 1030 commentari
1414 981 1680 1042 adgredior,

93 1053 311 1099 notiones
348 1052 483 1098 binae
522 1053 578 1098 ad
616 1067 667 1098 se
704 1055 905 1098 invicem
944 1051 1217 1112 complexae
1257 1065 1342 1112 pro
1381 1050 1680 1095 fundamento

95 1126 215 1176 sunt,
255 1120 400 1165 altera
428 1120 693 1166 Civitati
714 1134 752 1169 s,
793 1127 839 1165 et
865 1119 1009 1164 altera
1035 1119 1226 1164 Juris.
1268 1118 1482 1165 Societas
1523 1116 1681 1162 homi-

92 1199 198 1229 num
234 1185 316 1230 sub
350 1186 550 1246 Imperio
579 1189 807 1233 communi
850 1188 896 1231 in
927 1200 1011 1231 suo
1035 1187 1206 1231 vivens
1248 1186 1505 1241 territorio,
1546 1183 1680 1230 Civi-

92 1257 163 1296 tas
193 1250 371 1297 dicitur.
401 1253 542 1310 Cujus
569 1254 767 1313 proinde
790 1253 1120 1299 substantiales
1147 1258 1306 1313 partes
1333 1251 1452 1312 Imp
1473 1253 1680 1309 erium‚

92 1317 370 1376 Incolae„
407 1320 834 1365 Territorium
861 1315 1161 1364 constituunt.
1200 1319 1282 1364 Jus
1320 1326 1488 1375 autem„
1527 1320 1682 1365 missis

93 1385 508 1444 significationibus
535 1388 752 1442 caeteris,
790 1388 836 1431 in
873 1386 1002 1430 libris
1028 1385 1474 1432 Jurisconsultorum
1515 1385 1684 1441 obviis„

91 1450 182 1497 hoc
220 1452 325 1498 loco
359 1454 492 1499 nohis
533 1453 825 1514 complexum
864 1453 1019 1512 legum
1061 1452 1285 1507 denotat,
1355 1466 1468 1512 quas
1509 1451 1685 1498 Civitas

94 1533 397 1581 quaecunque
426 1523 641 1582 proprias
670 1520 830 1578 hahet;
870 1526 1035 1581 estque
1070 1533 1156 1581 pro
1194 1519 1373 1565 illarum
1412 1518 1685 1565 diversitate

95 1585 342 1646 publicum,
382 1595 459 1634 aut
483 1591 729 1650 privatum.

814 1687 861 1742 ξ.
901 1683 957 1731 II.

484 1769 622 1815 Illud
654 1773 901 1815 internum
939 1779 986 1814 et
1023 1779 1291 1815 externum.

228 1851 310 1897 Jus
349 1850 559 1897 Civitatis
612 1865 753 1897 sensu
803 1852 958 1897 latiori
994 1857 1270 1910 utrumque,
1331 1857 1421 1895 tam
1457 1849 1680 1895 videlicet

95 1918 342 1980 publicum,
371 1933 503 1978 quam
530 1918 760 1979 privatum
791 1918 1129 1978 complectitur„
1158 1931 1351 1978 quorum
1379 1916 1490 1961 illud
1515 1931 1684 1962 nexum

94 1983 402 2047 Imperantem
427 1988 565 2041 inter,
606 2000 660 2031 ac
691 1986 916 2041 subditos,
944 1985 1066 2029 istud
1091 1984 1201 2029 Jura
1231 1985 1518 2044 singulorum
1544 1983 1687 2028 Inco-

97 2053 242 2098 larum
281 2052 469 2109 definit,
524 2067 578 2097 ac
622 2059 963 2113 repraesentat.
1027 2052 1090 2096 At
1138 2053 1389 2108 strictiori„
1443 2053 1687 2110 magisque

100 2121 328 2165 communi
367 2134 455 2165 usu
510 2119 614 2165 Jus
657 2120 952 2166 Civitatis
989 2133 1089 2163 cum
1124 2118 1272 2164 Jure
1310 2118 1562 2179 publico
1601 2131 1686 2178 pro

100 2186 265 2232 eodem
302 2188 554 2248 accipitur,
617 2194 753 2248 atque
793 2189 840 2232 iu
885 2189 1224 2243 internum,
1275 2200 1359 2232 seu
1411 2185 1533 2246 quod
1569 2187 1688 2230 intra

97 2252 266 2298 limites
305 2255 527 2298 territorii
566 2253 768 2304 obtinet„
819 2261 864 2300 et
901 2259 1246 2310 externum„
1287 2252 1408 2313 quod
1445 2253 1592 2297 relate
1632 2251 1690 2296 ad

100 2327 288 2365 exteras
338 2319 563 2366 Nationes
607 2324 762 2380 vigeta
813 2329 1042 2382 tamquam
1080 2320 1273 2365 totidem
1312 2319 1522 2377 ejusdem
1560 2321 1689 2364 inte-

99 2394 289 2445 grantes
315 2394 473 2448 partes
497 2414 564 2421 -—
591 2403 744 2449 neque
770 2390 1029 2448 incongrue
1049 2413 1117 2420 -—
1142 2387 1284 2433 dividi
1313 2386 1449 2434 solet.

848 2521 857 2530 .
897 2485 976 2530 ΙΙΙ.

590 2571 727 2615 Jurz‘s
763 2487 959 2614 Ρτῗόῖῖεῑ
993 2569 1197 2625 objecta.

236 2648 335 2693 Huc
369 2651 531 2708 igitur,
572 2652 609 2696 si
651 2651 706 2695 de
733 2649 968 2711 Hungaria
1006 2665 1159 2697 sermo
1198 2652 1272 2708 sit,
1309 2648 1541 2705 refertur,
1581 2645 1689 2707 quId

106 2712 211 2770 quid
251 2717 371 2760 circa
405 2716 514 2761 Jura
561 2725 606 2763 et
645 2717 805 2763 Officia
842 2718 1003 2777 Regis„
1040 2718 1210 2777 Regni,
1252 2716 1539 2775 singulorum
1570 2716 1683 2760 Sta-

106 2785 255 2823 tuum.
317 2797 370 2826 ac
409 2783 701 2829 Subditorum
733 2811 799 2818 -
826 2800 914 2846 qua
953 2787 1108 2831 talium
1134 2784 1407 2842 —legibus
1445 2784 1687 2836 sancitum,

104 2846 401 2909 moribusque
438 2850 679 2912 probatum
718 2852 908 2899 obtinet.
981 2852 1053 2898 Ex
1107 2853 1163 2898 iis
1202 2853 1315 2913 ipsis
1354 2863 1496 2910 porro
1533 2848 1686 2907 leges,

1396 2920 1417 2960 1
