1941 3143
216 129 310 177 154

241 235 316 292 W)
347 237 481 292 Reges
506 241 705 293 quosdam
726 242 973 292 proventum
1006 237 1122 287 salis,
1152 243 1191 278 et
1218 238 1390 280 liberum
1413 238 1523 279 intra
1545 240 1646 281 flues
1669 240 1802 293 Regni

325 298 611 338 commercium
653 308 943 346 nonnunquam
985 295 1161 347 privatis
1204 295 1423 348 privilegio
1462 297 1663 336 mediante
1696 310 1800 336 con-

324 353 531 401 cessisse,
578 355 654 393 rite
708 352 970 400 observavit,
1016 351 1169 403 fideque
1223 352 1500 403 Diplomatum
1545 352 1804 394 confirmavit

334 408 557 463 Bai-thala)
592 411 662 449 sed
696 408 925 448 inconsulte
968 409 1141 460 profusa
1183 409 1277 448 haec
1310 409 1559 458 liberalitas,
1605 411 1804 461 quemad-

326 467 487 506 modum
522 467 717 518 superius
751 466 858 504 dicta
890 467 1134 510 ostendunt,
1169 466 1320 505 dudum
1354 466 1546 514 desierat,
1579 466 1662 506 nisi
1694 467 1801 518 quod

324 535 422 574 pars
437 521 562 576 hujus
581 522 733 576 regalis
745 535 821 575 pro
837 522 1179 578 stipendioRegni
1194 522 1396 563 Baronum
1415 523 1482 564 diu
1496 523 1723 564 deserviret
1742 522 1802 576 Ι’).

901 680 948 739 §.
989 683 1101 729 581.

287 798 517 847 Elevatz‘o
551 802 709 860 pretii
739 798 876 846 Salis
912 813 1016 845 non
1055 808 1165 845 erat
1203 799 1444 855 objectum,
1483 801 1717 848 dz'aetale,

343 930 447 976 Non
483 933 631 976 minus
657 933 729 976 usi
765 931 952 976 suerunt
988 931 1150 975 summi
1176 928 1417 988 Principes
1447 928 1537 975 hoc
1562 936 1799 989 proventu

209 1013 263 1044 ea
300 998 532 1054 libertate,
571 1006 619 1044 ut
659 1001 746 1059 ipsi
787 1001 986 1059 pretium
1026 997 1146 1041 Salis
1187 1010 1271 1040 suo
1304 996 1482 1052 judicio
1525 995 1799 1052 defixerint3

209 1068 340 1125 cujus
368 1068 412 1111 in
440 1068 722 1111 contrarium
763 1066 1014 1110 retroactis
1055 1062 1227 1108 seculis
1254 1063 1426 1108 nullum
1454 1069 1609 1109 exstat
1635 1078 1803 1108 exem-

208 1135 348 1196 plum.
390 1134 609 1178 Testatur
636 1132 818 1193 quidem
847 1130 1001 1178 Caroli
1037 1130 1113 1175 HI.
1142 1131 1392 1175 Decretum
1436 1132 1495 1189 ο).
1535 1137 1579 1176 et
1607 1131 1802 1176 alterum

207 1201 384 1247 Mariae
412 1200 667 1246 Theresiae
712 1198 755 1257 d)
775 1235 787 1256 ,
827 1199 974 1245 fuisse
1003 1198 1058 1243 de
1095 1198 1205 1243 salis
1232 1200 1383 1259 pretio
1411 1201 1455 1243 in
1483 1198 1690 1244 Comitiis
1718 1213 1803 1243 re-

211 1271 427 1324 missum3
467 1268 551 1314 sed
590 1268 713 1314 istud
750 1282 843 1313 non
881 1268 1095 1329 praecise
1134 1264 1313 1310 liberali
1339 1266 1599 1327 Principum
1625 1266 1803 1311 volun-

209 1343 321 1393 tate,
358 1350 521 1383 verum
549 1342 830 1397 propterea,
868 1334 992 1396 quod
1032 1333 1087 1379 ad
1128 1331 1418 1392 deligendum
1456 1337 1653 1394 pretium
1681 1348 1802 1379 con-

211 1418 354 1451 sensu
380 1404 533 1464 Regni
561 1418 678 1464 opus
706 1402 891 1457 fuisset,
931 1404 999 1448 sio
1025 1403 1263 1457 evenisse,
1298 1400 1431 1460 leges
1458 1401 1565 1447 illae
1592 1403 1802 1463 nuspiam

210 1487 269 1519 ne
309 1487 393 1534 per
432 1473 788 1517 remotissimam
830 1471 1148 1527 conjecturam
1188 1473 1427 1514 testantur.
1478 1469 1553 1515 Ad
1589 1471 1804 1515 iteratam

213 1542 454 1586 enimvero
505 1539 725 1584 Ordinum
774 1540 1046 1599 petitionem
1094 1536 1339 1581 relaxasse
1392 1536 1545 1583 divum
1589 1537 1805 1584 Carolum

214 1609 403 1668 triginta
431 1606 689 1652 cruciferos
716 1608 762 1652 in
790 1605 998 1666 quolibet
1037 1605 1308 1649 centenario
1337 1603 1419 1649 suh
1447 1603 1655 1651 Comitiis
1681 1606 1806 1652 Anni

217 1676 359 1722 1723.
389 1689 500 1720 mox
525 1676 737 1735 proxima
775 1673 954 1736 palam,
995 1679 1040 1717 et
1077 1676 1210 1731 grata
1243 1679 1399 1717 mente
1439 1680 1803 1733 recognoscunt.

211 1742 314 1790 Nec
353 1742 603 1789 dissimiles
654 1741 832 1788 Mariae
869 1740 1126 1787 Theresiae
1177 1739 1234 1784 ob
1273 1753 1433 1800 parem
1472 1740 1806 1801 benignitatem

212 1813 392 1872 gratiae
420 1809 661 1856 habentur.
700 1810 829 1865 Quae
855 1809 933 1870 qui
957 1808 1198 1868 pensatius
1225 1811 1459 1854 ruminare
1486 1809 1633 1867 volet,
1659 1824 1804 1870 prae-

213 1880 374 1926 sertim
401 1880 440 1924 si
480 1878 631 1923 eidem
670 1879 830 1938 ignota
868 1890 963 1921 non
1003 1881 1075 1920 est
1112 1874 1324 1934 Reginae
1352 1875 1607 1934 resolutio,
1644 1875 1803 1922 hocin

209 1947 374 1992 merito
415 1944 593 1991 reddita
619 1943 703 2001 θ’),
742 1959 836 1989 non
876 1943 954 1988 ille
997 1942 1083 1987 sibi
1119 1956 1317 2002 unquam
1356 1945 1443 1987 rite
1483 1942 1800 2003 persvadebit,

209 2015 471 2073 Principem
498 2012 576 2056 illo
607 2017 819 2071 tempore
848 2009 904 2054 ad
931 2015 1125 2053 eatenus
1153 2022 1252 2052 cum
1291 2007 1564 2068 Regnicolis
1592 2018 1803 2056 tractan-

211 2080 314 2126 dum
338 2079 486 2124 fuisse
516 2078 799 2124 obstrictum.

265 2178 315 2231 ²¹²)
349 2177 438 2225 „De
485 2175 616 2227 pretio
651 2174 758 2213 Salis
803 2196 855 2202 —
902 2173 959 2211 ait
1015 2169 1216 2209 resolutio
1264 2193 1315 2199 —›
1361 2177 1564 2223 tamquam
1602 2173 1663 2212 rei
1705 2186 1805 2214 suae

324 2233 492 2286 „regiae
522 2230 762 2285 Majestatis
796 2229 988 2281 propriae
1021 2241 1100 2266 non
1136 2233 1178 2266 ut
1206 2228 1246 2265 in
1265 2227 1407 2267 Diaeta
1425 2230 1531 2268 Anni
1562 2229 1682 2270 1723.
1712 2244 1801 2270 cum

326 2290 547 2341 „Dominis
581 2289 711 2340 Regni
743 2287 928 2326 Statibus
970 2285 1207 2324 conclusum
1250 2284 1422 2333 suisset,
1463 2287 1559 2337 quin
1592 2288 1732 2338 potius
1765 2288 1802 2328 b.

326 2347 569 2398 „Resolutio
603 2345 719 2396 regia
762 2344 838 2382 sub
880 2344 945 2382 die
992 2342 1056 2382 10.
1089 2341 1195 2380 Julii
1238 2341 1360 2382 1723.
1406 2342 1636 2383 diaetaliter
1666 2349 1804 2383 attunc

325 2402 614 2454 „congregatis
663 2401 847 2440 Statibus
881 2400 922 2439 in
968 2398 1155 2438 terminis
1198 2398 1442 2448 insinuaret,
1492 2401 1627 2451 quod
1660 2401 1803 2440 salis

326 2460 641 2513 ,‚negotium‚
684 2457 825 2497 velut
866 2456 1049 2508 regale
1083 2456 1385 2507 proprium,
1441 2456 1498 2497 ad
1531 2457 1803 2498 diaetales

333 2522 637 2567 „tractatus
669 2527 766 2555 non
800 2511 1139 2566 pertineat‘)
1173 2518 1247 2552 etc.

252 2667 284 2704 ἃ)
312 2667 663 2701 Commentariorum
688 2665 732 2697 Τ.
757 2666 784 2697 1.
812 2674 845 2707 p.
874 2664 954 2698 372.

253 2724 290 2767 b)
318 2726 419 2759 Cons.
447 2727 540 2766 Pray
565 2725 600 2756 in
626 2728 696 2758 not.
724 2732 846 2766 praev.
873 2723 916 2755 ad
940 2721 1034 2755 nist.
1060 2721 1150 2762 Reg.
1175 2719 1294 2761 Hung.

257 2785 288 2822 c)
316 2784 417 2817 1729.
444 2784 476 2816 5.

257 2839 295 2881 d)
323 2840 426 2875 1741.
453 2838 509 2874 34.

260 2899 292 2941 ο)
318 2898 397 2933 Vid.
422 2898 502 2935 Act.
525 2895 644 2933 Diaet.
670 2891 771 2933 1741.
800 2893 892 2938 apud
918 2900 975 2928 me
999 2901 1035 2937 p.
1060 2890 1139 2928 149.
