1941 3143
204 83 266 129 36

203 199 370 242 iterum
407 193 652 252 restricta,
691 193 878 239 minime
916 192 1078 238 elicies
1118 191 1161 238 in
1200 191 1565 255 Legislationem
1605 202 1799 246 cunctos

202 264 354 323 Regni
382 264 577 310 Nobiles
602 264 775 311 viritim
802 262 1040 309 duntaxat.
1070 266 1117 306 et
1141 275 1232 307 non
1260 264 1395 309 aliter
1416 264 1523 310 olim
1539 264 1798 313 influxisse.

261 359 310 414 ³⁴¹⁶)
345 361 493 410 „Quod
537 376 627 402 eum
670 362 757 400 Nos
800 382 852 388 —
895 359 952 398 ait
992 357 1130 398 Maria
1171 359 1266 411 1.·)
1301 383 1352 388 —
1385 374 1508 411 sana,
1555 369 1593 402 et
1638 368 1799 403 matura

326 433 436 467 „una
468 433 556 459 cum
597 417 823 465 praelatis,
866 422 903 455 et
948 415 1178 456 Beronibus
1219 416 1512 458 deliberatione
1560 421 1800 472 praehabita

319 503 400 525 „—
427 499 478 504 —
506 501 560 505 —
593 473 1076 526 congregationem
1111 474 1414 514 Generalem
1448 476 1621 517 Budae
1654 484 1798 518 octavo

315 533 407 580 „die
439 533 551 572 Festi
585 533 764 571 omnium
798 532 1041 570 Sanctorum
1070 528 1155 585 jam
1188 533 1400 582 praeteriti
1447 532 1797 574 celebrasse-

316 603 477 637 „mus‚
525 591 584 629 sic
631 589 843 635 videlicet,
892 595 944 627 ut
989 589 1047 627 de
1093 588 1342 640 singulis
1391 590 1572 640 ipsius
1622 591 1794 644 Regni

314 647 536 694 „Nostri
585 645 950 687 comitatibus
998 650 1225 696 quatuor
1271 646 1523 697 potiores
1564 647 1795 688 Nobiles

311 705 387 751 „ad
414 705 535 752 diem,
567 710 605 744 et
639 704 769 742 locum
803 702 1035 754 praedictos
1064 702 1283 741 convenire
1314 703 1583 743 debuissent“
1619 711 1691 745 etc.
1721 710 1796 745 etc.

308 760 491 799 Eundem
535 762 642 801 bunc
683 773 835 800 morem
869 760 1161 811 Sigismundus
1204 766 1426 810 sequutus,
1471 761 1796 801 luculentissime

313 819 557 871 testatur-b)
606 819 655 857 ad
701 816 995 856 consulendum
1044 817 1152 856 cirea
1199 818 1329 855 ardua
1372 818 1501 869 Regni
1545 819 1709 870 negotia
1741 831 1795 858 se

310 875 606 915 universos
652 874 977 921 Praelatos‚
1009 874 1249 913 Abbates
1295 873 1690 924 praepositos,
1742 881 1794 914 et

314 931 547 972 Barones
580 932 768 984 Regni,
800 944 887 970 nee
919 930 1104 969 nonde
1136 927 1360 981 quolibet
1395 928 1657 970 Come'catu
1686 932 1793 970 sin-

302 987 461 1041 yulos
507 993 736 1042 quatuor
781 987 1005 1039 probos,
1048 988 1097 1026 et
1144 982 1371 1025 Nobiles
1426 986 1575 1027 Viros
1627 986 1792 1039 plena

306 1052 573 1096 potestate
622 1051 963 1086 caeterorum
1009 1040 1391 1082 consociorum
1440 1043 1686 1094 ipsorum
1728 1045 1794 1085 ad

304 1105 473 1141 omnia
518 1101 814 1143 ordinanda
849 1099 1144 1154 s'unqentes
1190 1111 1285 1149 pro
1335 1098 1791 1153 Congregatione‚

305 1165 352 1197 et
386 1159 643 1199 Consilio
675 1157 927 1210 generali
960 1156 1168 1195 fecisse
1201 1157 1486 1196 accersiri.
1518 1157 1610 1196 Non
1645 1164 1785 1208 repeto

304 1215 487 1267 reliquas
515 1216 722 1270 ejusmodi
754 1214 972 1263 formulas,
1004 1214 1045 1252 in
1074 1213 1421 1263 subsequentibus
1448 1214 1601 1265 Regum
1625 1214 1787 1254 Decre-

300 1273 367 1316 tis,
401 1274 448 1311 ad
485 1287 584 1325 quae
627 1273 888 1324 praecedenti
937 1269 1197 1322 paragrapho
1229 1271 1570 1319 provocavimus,
1602 1271 1788 1322 patula53

301 1331 396 1379 quia
427 1330 626 1370 ulteriora
658 1329 841 1380 exempla
871 1340 1094 1380 congerere
1132 1338 1481 1377 supervacaneum
1513 1327 1642 1379 foret3
1677 1340 1787 1367 non-

300 1386 413 1426 nulla
446 1388 618 1441 insuper
649 1386 759 1429 infra
791 1385 899 1425 haud
932 1383 1128 1424 defutura
1159 1384 1396 1434 praevideo.

261 1615 448 1660 Partim
477 1617 524 1658 ἡ)
546 1625 785 1671 persona,
806 1614 999 1670 partim
1025 1609 1190 1656 medio
1216 1614 1712 1669 repraesentantium.

323 1712 407 1757 Jus
446 1714 598 1771 itaque
627 1709 932 1756 Comitiorum
968 1710 1348 1768 praerogativam
1386 1707 1621 1764 statibus,
1649 1714 1787 1767 atque

187 1780 434 1828 Ordinibus
462 1780 613 1837 Regni
642 1779 877 1839 propriam
905 1778 1137 1829 evasisse„
1171 1775 1315 1836 liquet.
1343 1790 1403 1820 ex
1428 1775 1655 1821 haetenus
1683 1773 1787 1819 dic-

190 1852 261 1895 tis.
301 1849 475 1894 Horum
517 1860 683 1906 nempe
725 1846 904 1891 classes
947 1850 1173 1904 quatuor,
1211 1843 1532 1888 Praelatorum
1558 1843 1784 1896 nimirunn

185 1917 470 1975 Magnatum„
510 1913 776 1959 Nobilitaus
809 1915 917 1957 ilem
944 1911 1204 1970 Equestris,
1244 1917 1290 1954 et
1315 1909 1561 1955 Civitatum
1588 1908 1785 1953 Libera-

185 2000 286 2029 rum
312 1984 595 2041 Regiamnn,
634 1980 1051 2036 nonnullarumque
1091 1975 1511 2033 Connnunitatum„
1548 1977 1711 2036 partim
1739 1976 1783 2019 in

183 2051 584 2113 persona.parti1n
613 2062 700 2107 qua
730 2059 917 2091 suorum
937 2044 1319 2089 committentium
1333 2042 1782 2103 RepraesentanteS.

187 2118 448 2164 diaetaliter
488 2116 779 2174 congregati.
811 2119 925 2159 volo
952 2110 1147 2155 ibidem.
1187 2125 1240 2155 ae
1277 2111 1503 2156 Sessione
1529 2109 1781 2170 pollebant.

184 2188 377 2232 Praeter
403 2184 490 2228 hos
518 2198 575 2228 ne
604 2184 696 2228 Sua
722 2181 947 2239 MaJestas
975 2177 1122 2236 Regia
1151 2175 1314 2222 demtis
1342 2177 1449 2234 illis.
1483 2180 1559 2239 qui
1586 2175 1784 2238 publicis

184 2255 336 2314 Regni
363 2252 537 2298 Officiis
566 2250 837 2309 funguntur,
866 2252 1052 2307 utpote:
1087 2242 1477 2302 „Consiliarii
1515 2243 1783 2300 Nobiles,

185 2321 473 2383 „Judices
527 2318 729 2378 Regni
781 2313 1127 2368 Ordinarii7
1191 2327 1397 2358 eorum
1447 2311 1634 2358 Vioes
1672 2324 1783 2370 ge-

184 2395 430 2449 „rentes
479 2383 949 2437 Protonotarii‚
1003 2386 1060 2425 et
1108 2379 1319 2426 Jurati
1366 2381 1780 2426 Assessores

184 2455 489 2516 „Tabulae
527 2453 763 2511 Regiae
802 2450 869 2494 ad
919 2448 1184 2494 Comitia
1222 2446 1558 2507 generalia
1599 2444 1712 2490 adh
1734 2446 1781 2488 i-

185 2523 385 2584 „beah
440 2532 775 2579 eorumque
830 2524 977 2563 vota
1025 2516 1212 2573 juxta
1262 2516 1578 2575 antiquum
1615 2525 1782 2557 usum

186 2598 275 2651 „et
314 2590 382 2636 Se
402 2590 671 2634 ssionenl
710 2602 734 2630 a
750 2585 776 2630 d
795 2587 1009 2630 mittan
1027 2590 1041 2627 Ι,
1057 2597 1084 2627 ιι
1099 2584 1151 2627 ι·“
1193 2582 1429 2628 decretum
1458 2587 1532 2626 est
1566 2578 1779 2627 Articulo

190 2662 240 2705 1:
275 2660 414 2704 1608.
447 2657 523 2715 qui
552 2655 653 2699 dum
682 2654 947 2713 Ilungariae
975 2652 1149 2700 Status„
1175 2657 1221 2695 et
1247 2649 1444 2696 Ordines
1473 2663 1498 2694 e
1526 2662 1664 2710 supra
1692 2646 1781 2692 de-

223 2783 256 2824 ·)
285 2784 386 2817 Cous,
406 2782 615 2815 Kovaehich
644 2784 676 2813 in
704 2782 821 2814 Praes.
848 2781 890 2812 ad
917 2779 1019 2813 Vest.
1048 2778 1175 2812 comit.
1202 2788 1235 2820 p.
1264 2780 1322 2812 51.

227 2840 265 2882 ¹³)
293 2842 371 2874 vid.
399 2840 500 2883 Supl.
526 2841 568 2873 ad
595 2840 697 2873 vest.
724 2838 851 2873 Comit.
880 2846 910 2879 p.
936 2835 1014 2871 294.
