1941 3143
1547 129 1635 173 171

61 251 198 297 mitiis
248 262 305 293 eo
361 260 502 293 sensu
554 246 807 293 iterandam
862 247 1131 307 opinantur,
1196 240 1327 302 quasi
1367 238 1640 298 Regnicolis

61 317 236 362 salvum
260 320 642 389 reservatumque
668 317 933 363 mansisset
972 327 1054 372 pro
1091 309 1234 355 lubitu
1262 307 1315 353 ab
1354 306 1446 352 hoo
1476 314 1640 366 syste-

60 389 178 428 mate
206 380 446 429 recedere
485 382 529 423 in
575 394 736 424 eriere
778 387 884 425 sunt
924 377 1186 424 manifesto.
1251 375 1346 420 Isto
1392 373 1512 418 enim
1555 372 1638 418 sub

58 455 276 509 respectu
302 446 578 491 contributio
614 454 840 506 perpetua
875 452 963 502 est.
1004 446 1066 490 uti
1094 457 1250 499 causa,
1283 455 1400 501 quae
1427 439 1639 499 Regnum

62 515 120 561 ad
146 530 247 561 eam
276 512 617 561 decernendam
650 514 836 575 impulit.

749 649 795 703 ἓ.
836 650 947 695 608.

247 749 421 797 Relate
447 748 517 794 ad
539 750 861 807 quantitatem
889 750 937 792 in
970 748 1192 793 Comz‘lz'aels‘
1218 746 1459 806 desiqae'nm

198 846 315 902 Quid
341 848 478 906 igitur
502 872 569 878 -—
602 845 783 905 inquies
809 872 877 878 —-
902 844 1119 890 comitiali
1157 843 1492 890 deliberatione
1521 842 1646 888 illum

62 915 239 960 demum
267 916 312 959 in
339 928 495 959 casum
523 927 639 974 opus
669 915 756 958 erit
781 914 944 968 unice,
983 911 1087 956 dum
1115 910 1169 955 de
1211 911 1423 970 augendo
1451 924 1536 970 pro
1563 925 1646 954 ra·-

60 983 186 1027 tione
232 987 489 1041 temporum
537 987 706 1040 quanto
758 978 1163 1035 contributionali‚
1216 977 1517 1037 ejusdemque
1564 991 1648 1038 per

60 1050 327 1093 uuiversum
364 1048 574 1107 Regnum
611 1048 914 1107 repartitione
953 1045 1143 1105 agitur?
1180 1045 1367 1090 Minime
1394 1044 1641 1105 profecto:

60 1114 239 1160 dubium
268 1129 463 1174 namque
503 1114 624 1159 istud
662 1113 907 1174 aliquando
936 1119 1176 1172 utramque
1204 1115 1248 1157 in
1275 1118 1453 1173 partem
1477 1113 1641 1157 venti-

58 1182 224 1237 latum,
273 1181 445 1225 clarum
484 1183 757 1241 praeprimis
794 1180 942 1225 reddit
982 1186 1118 1225 tenor
1165 1181 1450 1225 novissimae
1502 1178 1643 1238 legis7

59 1262 192 1309 quam
216 1249 419 1308 propriis
446 1247 603 1292 verbis
632 1247 862 1303 subjicere
888 1248 1007 1292 malo
1033 1245 1085 1304 ὕ)
1107 1280 1119 1302 .
1157 1246 1307 1307 palam
1331 1260 1496 1306 nempe
1523 1260 1644 1306 pro-

58 1314 346 1369 nunciando.
379 1315 456 1371 jus
483 1315 783 1374 quantitatem
818 1313 1184 1360 Contributionis
1223 1313 1558 1358 determinandi
1585 1313 1642 1358 ad

59 1388 280 1427 tractatus
309 1380 530 1426 diaetales
558 1387 788 1440 spectare,
808 1381 1019 1441 adeoque
1045 1380 1134 1426 hoc
1159 1383 1261 1441 ipso
1289 1380 1399 1426 nulli
1427 1386 1641 1426 tractan—

59 1450 168 1493 tium
203 1447 258 1492 ad
295 1449 493 1493 invicem
532 1450 728 1508 partium
762 1451 960 1493 seorsim
1001 1454 1283 1508 competere.
1335 1447 1454 1503 Quid
1494 1454 1646 1493 autem

58 1515 192 1575 leges
234 1518 279 1560 in
319 1529 422 1559 eum
460 1521 677 1559 eventum
719 1515 993 1560 sanxerint?
1044 1517 1082 1560 si
1121 1516 1363 1575 repentina
1398 1514 1640 1574 quaedam,

60 1588 196 1641 atque
238 1583 490 1642 improvisa
525 1582 706 1626 Patriae
733 1584 994 1628 necessitas
1035 1584 1248 1641 ingruat7
1286 1595 1405 1642 quae
1433 1582 1646 1627 celerio-

59 1663 156 1694 rem
210 1648 589 1694 deliberationem
640 1648 900 1709 deposcere
954 1650 1264 1709 comperitur,
1314 1648 1559 1708 qualemve
1598 1651 1644 1694 in

60 1730 244 1772 casum,
285 1721 330 1760 et
367 1730 454 1775 qua
491 1718 674 1760 ratione
714 1729 969 1760 concursus
1011 1715 1160 1773 Regni
1202 1715 1257 1759 de
1296 1715 1386 1760 hoc
1424 1717 1640 1775 praecise

60 1782 423 1829 Contributionis
453 1781 636 1838 objecto
666 1781 946 1826 concludere
969 1781 1175 1842 possit?
1212 1784 1431 1827 recensui
1475 1783 1642 1841 (421).

114 1864 165 1912 ἰ)
199 1863 310 1910 „Sua
340 1859 540 1913 Majestas
573 1861 860 1900 Sacratissima
893 1884 942 1890 —
977 1861 1098 1900 verba
1131 1862 1418 1901 suntArticuli
1452 1861 1492 1902 [ι.
1522 1863 1642 1904 1827.

174 1947 199 1966 ‚‚
206 1940 255 1946 —-—
290 1918 451 1965 Status,
495 1924 532 1956 et
564 1917 739 1956 Ordines
781 1930 948 1956 securos
990 1918 1144 1964 reddit,
1179 1919 1283 1969 quod
1318 1919 1489 1958 materia
1523 1919 1643 1959 Con-

172 1973 460 2022 ‚,tributionis‚
506 1979 544 2011 et
591 1974 872 2013 subsidiorum
918 1973 1195 2026 cujuscunque
1242 1975 1444 2022 nominis,
1492 1988 1566 2014 seu
1601 1977 1642 2015 in

171 2042 316 2078 ‚‚aere‚
351 2042 422 2068 seu
457 2030 496 2067 in
528 2030 809 2077 naturalibus,
850 2035 919 2069 aut
950 2031 1168 2081 tyronibus
1201 2042 1222 2067 a
1254 2031 1421 2070 diaetali
1453 2037 1644 2081 tractatu,

169 2097 392 2136 „quorsum
425 2085 527 2123 banc
553 2084 672 2138 juxta
703 2086 837 2125 claros
870 2086 1227 2129 a1t.8.1715.et
1257 2083 1496 2129 19.1790s1.
1519 2094 1641 2128 teno-

171 2154 266 2190 „res
299 2147 481 2192 spectare
516 2142 622 2180 ultro
655 2143 842 2193 agnoscit
875 2165 925 2170 ——
958 2143 1072 2181 salva
1112 2145 1307 2182 duntaxat
1349 2146 1480 2194 quoad
1529 2144 1646 2185 Con-

171 2198 459 2244 „tributionem
498 2204 574 2236 art.
607 2198 644 2237 8.
682 2198 800 2239 1715.
836 2200 874 2237 in
916 2205 992 2239 art.
1025 2199 1092 2237 22.
1133 2197 1251 2238 1741.
1295 2200 1463 2238 uberius
1501 2202 1644 2241 decla-

174 2259 291 2301 „rata
321 2255 595 2304 dispositione
631 2278 677 2282 —
712 2255 752 2293 in
785 2255 910 2294 nullis
943 2255 1061 2293 etiam
1101 2255 1441 2294 extraordinariis
1474 2258 1641 2297 casibus

169 2311 406 2358 „avocanda
447 2311 524 2357 sit,
576 2323 702 2360 neque
756 2324 844 2350 cum
897 2312 1032 2349 eadem
1074 2311 1375 2349 contributione
1420 2312 1544 2351 relate
1591 2316 1642 2353 ad

170 2367 398 2416 ‚,speciem‚
430 2373 467 2404 et
499 2367 760 2417 quantitatem
793 2366 1054 2406 comitialiter
1086 2367 1390 2405 determinatam
1427 2369 1641 2419 quaepiam

171 2428 311 2470 „extra
353 2422 525 2461 diaetam
569 2424 736 2462 mutatio
779 2423 1066 2473 suscipienda,
1114 2436 1251 2463 verum
1293 2424 1391 2463 haec
1435 2432 1557 2475 prout
1590 2427 1641 2466 ab

173 2490 281 2526 „una
313 2477 460 2517 Diaeta
492 2479 541 2517 ad
585 2479 705 2518 aliam
739 2478 777 2517 in
813 2478 1004 2518 Comitiis
1044 2479 1174 2532 Regni
1206 2480 1475 2520 determinata
1505 2481 1643 2530 suerit,

173 2534 261 2582 „ita
293 2534 490 2586 exigenda
523 2535 701 2575 veniat.“

743 2658 790 2713 ὅ.
831 2659 938 2706 609.

361 2759 399 2802 Α
441 2770 538 2815 qua
575 2756 898 2802 nubilitatem
935 2756 1069 2815 leffe-5
1107 2760 1336 2805 eoez'mmzt.

192 2851 304 2898 Post
344 2852 554 2899 stabilem
594 2850 989 2902 contributionem
1031 2869 1090 2903 ex
1133 2868 1305 2915 eausa,
1357 2862 1403 2904 et
1438 2856 1638 2911 rationoe
