1941 3143
257 117 348 165 138

364 230 632 286 „Hungariae
665 230 940 284 incorporata,
971 236 1009 271 et
1040 233 1088 271 ad
1122 231 1264 273 borum
1293 232 1515 288 cujuslibet
1546 234 1840 276 conservatio-

364 303 497 339 „nem,
530 295 567 328 et
591 289 858 329 confiniorum
886 289 1164 330 defensionem
1191 304 1262 342 per
1284 292 1677 344 Regem‚Reginam,
1709 293 1841 333 Prae-

365 347 500 396 „latos
532 347 658 386 Viros
704 346 1032 394 ecclesiasticos,
1078 353 1115 386 et
1161 351 1491 389 communitatem
1539 349 1773 399 Nobilium,
1805 355 1844 391 et

365 404 804 456 „possessionatorum
848 404 1055 443 bominum
1099 407 1332 446 necessario
1377 421 1539 458 semper
1583 414 1644 446 est
1676 406 1838 448 intelli-

365 463 610 515 „gendum.“
642 460 855 499 Posterior
879 461 1093 512 sequentia
1124 461 1262 502 babet:
1305 463 1449 511 „Licet
1484 465 1523 504 in
1557 465 1842 516 praecedenti-

363 519 469 566 „bus
502 517 757 557 sufficienter
789 531 862 569 per
892 516 1152 572 Majestatem
1185 520 1337 572 regiam
1361 521 1415 560 sit
1441 527 1605 567 tactum.
1638 523 1842 573 quomodo

366 576 478 623 „Sua
508 573 710 628 Majestas
745 575 831 614 vult
876 588 948 627 per
987 574 1223 625 Praelatos‚
1266 578 1472 627 Berones,
1515 586 1553 618 et
1595 579 1842 631 Regnicolas

368 645 470 683 „per
501 643 742 683 expressum
777 631 985 672 declarare
1027 645 1155 684 usque
1200 647 1316 685 quem
1349 635 1508 683 locum,
1552 642 1589 675 et
1621 637 1840 677 terminum

365 690 665 738 „communitas
729 688 1044 742 Regnieolarum
1109 692 1314 742 generalis
1369 694 1571 733 exercitus
1627 694 1843 745 ingruente

364 747 637 794 „necessitate
669 752 857 786 ttneatur
889 747 1106 799 proficisci,
1138 753 1176 786 et
1207 749 1328 788 etiam
1363 751 1554 802 quamdiu
1582 757 1691 790 stare
1716 752 1844 790 debe-

364 810 454 853 „ret
486 804 526 843 in
557 805 720 850 eodem3
755 818 894 844 verum
928 810 1059 844 tamen
1092 804 1214 844 sicuti
1247 807 1363 857 prius
1389 808 1677 858 scriptumest,
1702 808 1842 859 Regna

364 860 646 910 „Dal-nanae,
691 861 906 911 Croatiac‚
950 863 1121 909 statuae,
1165 863 1361 911 Serviae,
1404 864 1602 913 Bosniae,
1647 865 1843 911 Galiciae,

364 918 678 967 „Lodomeriam
711 926 748 958 et
780 919 998 971 Bulgariae
1031 920 1181 958 dudum
1216 925 1254 958 et
1287 921 1405 959 etiam
1439 926 1621 971 tempore
1647 921 1842 961 Serenis-

361 975 486 1022 „simi
519 976 683 1015 Domini
716 976 917 1015 Ludoviei
954 977 1076 1031 Regis
1112 976 1349 1015 recolendae
1384 977 1601 1016 memoriae
1629 978 1677 1016 ad
1706 977 1843 1019 Coro-

363 1045 497 1082 „nam,
529 1038 566 1072 et
599 1033 782 1086 Regnum
815 1032 1057 1086 Hungariae
1090 1032 1421 1085 pertinuerunt.“

940 1160 987 1216 §-
1029 1160 1141 1205 553.

692 1259 915 1308 ,llilz'tare
942 1260 1180 1306 obstricta
1198 1264 1392 1321 fecerit?

379 1359 646 1405 Provocant
687 1360 734 1404 in
776 1360 1057 1404 contrarium
1095 1359 1305 1405 nonnulli
1357 1358 1413 1404 ad
1461 1359 1605 1405 verba
1644 1360 1834 1405 Decreti

244 1425 464 1473 Andreae
507 1426 548 1484 ²¹)
592 1426 758 1485 „nobis
799 1426 1075 1473 facientibus
1124 1429 1380 1472 exercitum
1430 1435 1562 1473 extra
1602 1428 1832 1488 Regnum,

248 1493 476 1553 „Nobiles
516 1493 759 1540 nobiseum
797 1496 864 1540 ire
893 1510 986 1540 non
1014 1502 1287 1552 teneantur,
1337 1497 1425 1540 nisi
1455 1493 1658 1541 Comites
1684 1509 1833 1557 paro-

242 1562 454 1619 „chiani,
493 1562 810 1622 stipendiarii,
860 1569 905 1608 et
949 1562 1302 1624 Jobbagyiones
1344 1565 1514 1619 castri,
1569 1570 1615 1608 et
1657 1564 1733 1623 qui
1774 1576 1835 1608 ex

242 1630 430 1689 „Officio
471 1629 624 1675 debito
665 1637 910 1685 tenentur,
953 1630 1181 1691 quibus
1221 1630 1459 1691 amplas
1501 1631 1833 1676 concessi-

242 1711 396 1755 „mus
448 1698 954 1757 possessiones“
1008 1697 1256 1758 dicuntque
1307 1711 1392 1742 eos
1444 1697 1736 1743 adminimum
1776 1696 1832 1742 de

238 1764 520 1822 Nobilitate,
560 1766 636 1825 qui
676 1765 850 1826 amplas
889 1767 1224 1825 possessiones
1263 1767 1586 1826 accepissent,
1635 1764 1833 1825 Regem,

239 1848 329 1894 quo
356 1832 505 1888 volet,
535 1835 668 1892 sequi
696 1832 884 1878 debere.
914 1831 998 1878 Hic
1025 1839 1229 1878 attamen
1255 1847 1545 1894 nequaquam
1566 1834 1831 1893 promiscue

238 1900 523 1959 subintelligi
564 1902 900 1960 possessiones
942 1902 1136 1961 privatis
1178 1900 1516 1956 haereditarie,
1567 1898 1671 1945 sed
1721 1897 1828 1942 sub

239 1967 610 2013 conditione
664 1967 1156 2012 determinatum
1209 1966 1468 2011 militum
1519 1979 1832 2011 numerum

236 2035 296 2080 in
346 2040 564 2080 castra
604 2032 913 2079 educendi
953 2032 1103 2091 (189)
1157 2032 1379 2089 collatas,
1432 2039 1508 2078 aut
1558 2035 1695 2077 etiam
1744 2046 1828 2093 pro

239 2101 392 2148 officio
444 2113 727 2156 concessas,
776 2101 832 2144 iis
881 2114 1077 2160 nempe,
1135 2113 1251 2160 quos
1288 2099 1419 2145 Bulla
1469 2113 1609 2145 aurea
1656 2113 1740 2159 per
1789 2098 1834 2144 id

241 2172 369 2230 „qui
408 2166 762 2215 Comitatus
801 2167 1059 2213 habent“
1102 2169 1337 2228 expressit
1380 2166 1443 2225 ¹³),
1482 2167 1620 2213 docet
1646 2171 1692 2210 et
1719 2179 1832 2212 usus

237 2238 554 2298 posteriorum
581 2235 873 2291 seculorum,
913 2242 959 2280 et
995 2234 1127 2293 leges
1166 2234 1453 2279 clarissimae
1497 2233 1556 2292 ⁰),
1595 2247 1714 2294 quae
1740 2248 1830 2279 nec

236 2304 545 2350 Banderiatos
583 2302 766 2362 quidem
804 2303 922 2348 ultra
959 2301 1109 2361 Regni
1149 2308 1294 2347 metas
1334 2301 1567 2348 ordinarie
1593 2298 1829 2362 proficisci

238 2372 473 2428 debuisse,
512 2371 661 2430 palam
701 2369 888 2415 faciunt.
941 2369 1068 2414 llaec
1106 2370 1244 2428 igitur
1285 2376 1330 2414 et
1368 2369 1438 2414 his
1478 2368 1671 2422 adfinia,
1712 2382 1830 2428 quae

238 2441 282 2484 in
308 2439 450 2484 Belae
489 2436 568 2482 IV.
598 2437 801 2482 Decreto
842 2438 1193 2498 praecipiuntur
1219 2435 1286 2495 ff),
1327 2440 1439 2482 satis
1468 2435 1688 2493 indicant,
1726 2435 1833 2481 No-

236 2506 375 2551 bilem
412 2505 598 2550 nonnisi
641 2511 810 2564 sponte
864 2511 909 2549 et
953 2503 1182 2565 stipendia
1222 2505 1390 2548 mereri
1430 2503 1668 2549 volentem
1707 2517 1832 2547 arma

238 2580 371 2619 extra
412 2572 625 2630 Regnum
664 2571 951 2631 protulisse,
1002 2573 1091 2616 nisi
1139 2571 1219 2616 lex
1257 2573 1459 2631 positiva
1506 2573 1551 2616 in
1596 2569 1829 2631 specificis

239 2639 422 2686 casibus
460 2638 594 2683 aliter
625 2637 863 2695 jussisset.

276 2776 312 2819 ὃ)
340 2778 379 2809 ln
408 2777 467 2809 cit.
491 2776 616 2819 Suppl.
646 2786 676 2819 p.
703 2775 782 2810 ¹411.

276 2833 314 2874 b)
341 2834 442 2866 1222.
471 2834 502 2866 7.

279 2889 307 2932 c)
336 2889 435 2925 1492.
462 2890 515 2926 18.
541 2893 578 2924 et
603 2890 658 2926 19.
683 2908 728 2915 —
754 2887 855 2925 1498.
882 2889 936 2925 17.
964 2904 1008 2911 -
1035 2888 1136 2924 1619.
1164 2886 1194 2923 4.
1222 2903 1262 2914 -
1292 2887 1393 2925 1622.
1421 2888 1481 2924 21.
