1941 3143
180 90 241 137 76

806 270 1018 326 Caput
1049 271 1143 314 Π.

442 355 508 410 no
545 355 705 427 Regia
744 356 1101 412 coronatione
1138 358 1184 413 iu
1222 357 1501 429 llungaria.

887 462 934 517 ς.
975 463 1053 507 81.

721 545 882 603 Reyz'a
925 547 1217 592 Coronam).

311 640 458 696 Quum
498 642 702 688 Ducibus
743 642 949 703 Hungari
976 643 1228 704 parebant,
1268 645 1507 706 Principes
1548 657 1659 688 suos
1688 644 1766 688 in—

177 711 477 767 auguraturi.
517 712 688 756 usitato
719 713 918 756 vetustis
962 711 1185 757 Gentibus
1213 727 1341 757 more
1386 715 1459 767 ἃ).
1502 718 1632 758 scuto
1675 712 1766 755 im-

174 777 356 836 positos
398 777 642 823 elevarunt
685 777 744 836 ιᾗ).
785 778 867 823 Est
910 786 1061 823 autem
1102 781 1393 839 inauguratio
1437 780 1645 824 solennis
1674 778 1766 822 lio-

175 845 332 899 noriS,
372 847 713 907 potestatisque
753 847 1010 907 cujuspiam
1053 846 1229 902 aditu-3,
1287 849 1427 891 certis
1484 846 1646 890 ritibus
1674 860 1766 905 pu-

174 910 293 955 blice
320 913 571 957 institutus.
612 939 680 946 -—
703 913 874 959 Postea
906 913 1161 959 Coronatio
1204 915 1461 968 successit,
1499 914 1661 971 regiae
1690 911 1765 958 di-

173 980 366 1037 gnitati,
419 986 611 1025 auctore
647 981 755 1026 divo
798 981 1066 1040 Stephano,
1121 994 1331 1035 coaeva,
1383 994 1518 1040 quem
1558 984 1764 1024 assumto

172 1046 318 1105 Regis
373 1055 718 1106 cognomento,
759 1049 804 1091 in
852 1060 1104 1092 numeroso
1143 1045 1343 1091 omnium
1383 1046 1603 1092 Ordinum
1644 1061 1766 1092 con-

169 1120 313 1159 ventu
350 1121 624 1158 coronatum
663 1113 841 1169 fuisse,
879 1119 1068 1174 praeter
1109 1112 1376 1159 Hartvicum
1418 1115 1491 1171 ⁶),
1532 1114 1765 1175 diploma-

169 1182 258 1225 tica
308 1182 500 1242 insuper
537 1182 739 1241 vestigia
779 1178 866 1240 ὕ),
919 1187 966 1226 et
1003 1186 1224 1226 constans
1268 1181 1452 1226 traditio
1497 1182 1762 1242 posteritati

172 1249 545 1294 transmiserunt.

221 1329 272 1383 ³¹⁵)
303 1329 528 1370 Ladislaus
562 1329 733 1371 Chunus
766 1329 806 1368 in
838 1328 1079 1381 Privilegio‚
1113 1331 1220 1380 quod
1258 1342 1366 1368 anno
1402 1328 1524 1369 1274.
1556 1328 1766 1369 Ecclesiae

279 1387 558 1438 strigoniensi
592 1388 773 1435 dederat,
805 1387 861 1426 ita
883 1387 1026 1425 habet:
1061 1399 1179 1435 „cuni
1204 1387 1295 1438 ipsa
1319 1388 1439 1426 sedes
1463 1385 1766 1437 strigoniensis

278 1444 572 1492 „Sanctissimi
602 1444 756 1491 Patris,
789 1450 826 1482 et
857 1444 1026 1483 Domini
1057 1444 1204 1491 nostri,
1237 1444 1375 1483 Sancti
1406 1444 1532 1495 Regis
1568 1442 1766 1494 Stephani

282 1507 406 1551 „ortu
451 1503 669 1550 decorata,
721 1507 759 1539 et
809 1513 928 1540 sacro
980 1500 1230 1551 Baptismate
1282 1499 1468 1553 ejusdem
1527 1499 1763 1548 sublimata,

280 1558 644 1609 „regalisque
677 1558 855 1597 nostri
886 1558 1231 1597 Diadematis
1268 1557 1643 1609 impositione
1678 1569 1763 1596 ex-

279 1615 465 1665 „stitit
496 1615 779 1654 redimita‘⁴
802 1614 861 1666 ¹¹).
903 1615 1116 1654 Discimus
1153 1615 1323 1665 insuper
1345 1628 1391 1654 ex
1422 1614 1497 1653 hoc
1527 1613 1763 1666 diplomate,

280 1672 346 1711 cui
370 1671 542 1711 alterum
566 1671 686 1710 Belae
708 1672 779 1711 IV.
801 1671 857 1724 e),
887 1672 928 1712 S.
961 1672 1211 1723 Stephanum
1244 1672 1397 1710 diserte
1427 1671 1604 1723 primum
1636 1670 1765 1709 Hun-

280 1729 419 1780 gariae
450 1729 602 1780 Regem
634 1728 906 1779 adpellanfis,
954 1741 1131 1779 prorsus
1178 1729 1408 1776 consentit,
1467 1727 1764 1768 coronationis

278 1785 467 1825 solennia
520 1785 721 1837 Strigonii
766 1785 899 1824 locum
941 1785 1162 1834 habuisse,
1216 1786 1337 1837 idque
1384 1785 1594 1836 posterius
1642 1784 1764 1824 nobis

278 1842 469 1895 Sigillum
514 1855 673 1893 quoque
719 1841 901 1893 Capituli
934 1842 1236 1895 Strigoniensis
1278 1842 1616 1894 antiquissimum
1648 1840 1763 1880 indi-

277 1912 369 1938 care
400 1899 575 1948 videtur,
602 1900 710 1950 quod
738 1898 1108 1950 Archicpiscopum
1157 1899 1498 1951 Strigonienscm,
1533 1898 1635 1950 Regi
1675 1896 1763 1937 Co-

241 1966 418 1994 ·ronam
459 1956 749 2007 imponentem,
786 1955 962 2004 exhibet,
1000 1968 1089 1994 cum
1124 1955 1371 2007 epigraphe:
1420 1956 1489 2005 ‚,S.
1535 1967 1760 1994 corona-

277 2015 408 2053 tur.“

909 2152 918 2161 .
959 2117 1037 2163 82.

565 2202 666 2248 Sub
693 2203 740 2248 S.
770 2117 1028 2260 δίθρὲᾗαηο
1057 2201 1357 2247 introductu.

297 2300 391 2349 Sub
418 2301 533 2362 ipsis
559 2299 852 2346 introductae
879 2301 1041 2359 reglae
1070 2296 1402 2345 Coronationis
1430 2299 1589 2355 initiis,
1621 2299 1761 2344 Prin-

164 2372 295 2432 cipes
325 2370 548 2429 deinceps
575 2374 856 2428 regnaturos
876 2401 887 2423 ,
929 2366 984 2411 ad
1012 2366 1249 2412 subeunda
1279 2382 1380 2412 cum
1407 2367 1531 2412 aditu
1562 2367 1761 2425 regimi-

162 2441 233 2485 nis
261 2436 550 2496 inauguralia
578 2436 802 2481 Solennia
831 2436 1072 2480 exstitisse
1112 2435 1394 2491 obstrictos,
1435 2448 1519 2496 per
1550 2448 1683 2493 quam
1712 2432 1761 2478 fit

161 2505 420 2568 probabile.
451 2502 566 2548 Nam
592 2501 715 2548 istud
743 2517 862 2548 aevo
891 2502 970 2547 illo
999 2517 1082 2564 per
1109 2505 1378 2549 universam
1403 2502 1636 2562 Europam
1661 2499 1759 2546 Im—

201 2615 235 2658 a)
263 2616 332 2648 vid
364 2615 508 2648 Schiicz
535 2616 680 2647 dissert.
716 2615 758 2647 de
793 2615 909 2657 inaug.
941 2617 1027 2653 Rea.
1065 2625 1130 2658 per
1161 2616 1289 2648 sublat.
1320 2617 1355 2648 in
1386 2615 1561 2658 clypeum.
1592 2631 1638 2637 -—
1672 2614 1761 2648 Item

267 2664 443 2695 Schwarz
464 2664 507 2694 de
525 2663 671 2703 antiquo
691 2662 761 2694 ritu
783 2662 875 2695 elev.
900 2662 1055 2704 Princip.

201 2708 237 2745 b)
265 2709 524 2741 Constantinus
546 2708 609 2749 Op.
628 2708 686 2740 cit.
708 2708 744 2741 C.
763 2710 817 2741 38.

203 2756 236 2795 c)
265 2757 330 2797 Op.
355 2757 413 2788 cit.
431 2756 513 2787 edit.
533 2757 635 2795 Pray.
664 2765 692 2796 p.
718 2755 796 2788 132.

202 2803 238 2843 d)
269 2806 330 2844 Ap.
351 2804 424 2835 Nic.
447 2802 610 2833 Schmidt
631 2802 664 2832 in
688 2803 809 2843 Episc.
841 2800 1003 2843 Agr-iens.
1026 2801 1064 2831 T.
1083 2801 1107 2831 l.
1131 2809 1160 2840 p.
1188 2800 1261 2832 lSO.
1292 2804 1325 2832 et
1352 2810 1429 2841 seq.

204 2850 238 2891 Θ)
263 2850 363 2882 Istud
387 2859 449 2893 per
472 2853 609 2883 extens.
629 2849 808 2892 reperitur
835 2849 870 2882 in
894 2849 1034 2880 Katona
1055 2848 1150 2880 nist.
1176 2848 1253 2880 crit.
1276 2848 1316 2880 T.
1339 2849 1369 2882 6.
1391 2857 1422 2889 p.
1443 2843 1521 2880 384.
1542 2848 1578 2878 ct
1601 2853 1677 2886 seq.
