1941 3143
156 121 219 166 44

155 257 221 266 -—
257 233 514 294 praeterito
552 232 682 279 Bano
721 257 789 264 —
824 231 1190 278 Tavernicorum
1238 231 1485 294 Regalium
1511 234 1750 295 ,Magister

156 302 455 347 sustinuerat.
496 301 724 362 Reliquis·
763 300 808 345 in
835 306 1053 361 quantum
1080 300 1556 348 scilicet-Proceribus
1586 310 1750 349 contra

156 368 519 428 distingvuntur.
572 369 764 430 proprio
817 368 865 412 in
903 366 1079 412 Palatio
1128 368 1395 415 Personalis
1443 370 1748 417 Praesentiae

155 436 334 496 RegIae
364 438 409 482 in
441 436 633 481 Jndiciis
662 436 1005 482 Locumtenens
1048 435 1120 493 ·);
1159 450 1293 496 quem
1323 440 1361 483 si
1389 438 1597 500 impediri
1627 453 1750 485 con—

155 506 368 564 tigisset.
428 503 842 558 Vice—PalatinuS.
891 509 984 548 tum
1013 501 1318 551 Vice-Judex
1359 505 1526 551 Curiae
1570 506 1749 566 Regiae

155 573 397 634 exemplis.
450 571 524 617 hic
561 573 736 632 pariter
782 569 1127 617 observantiam
1166 573 1643 633 praemonstrantibus
1687 574 1749 632 ¹³),

155 638 451 701 supplebant.
492 639 631 685 Facta
661 640 992 695 immutatione.
1021 638 1225 685 Tabulae
1263 640 1514 687 Procerum
1556 641 1749 688 Praesi-

156 707 275 763 dem„
315 721 404 752 nec
438 722 534 753 non
572 706 707 764 hujus
746 709 877 753 vices
915 714 1157 766 gerentem
1197 712 1438 754 nominare
1466 710 1612 770 Regis
1651 717 1748 766 est3

155 775 210 820 ad
238 776 428 821 alteram
451 775 730 831 ordinarius„
759 790 813 820 ac
839 774 1241 822 Vico-Praesides
1268 777 1361 822 bini
1389 785 1574 823 secreto
1610 792 1748 823 scru-

154 846 285 900 tinio,
326 843 571 904 utrobique
611 843 753 899 illico7
795 843 897 889 dum
929 844 1128 890 Senatus
1156 847 1348 905 primum
1391 846 1621 901 considet,
1659 862 1744 906 pro

154 911 371 957 triennali
413 909 716 957 Comitiorum
755 918 966 973 tempore
1008 915 1228 958 constitui
1263 912 1512 970 jubentur.
1554 912 1747 959 durante

154 981 325 1040 exigua
370 979 737 1040 intercapedine.
787 982 947 1025 senior
987 979 1173 1039 collegii
1202 979 1361 1026 sedem
1401 980 1627 1027 Praesidii
1663 996 1749 1027 ac-

155 1050 291 1110 cepit.

856 1178 903 1233 §.
946 1177 1055 1224 393.

686 1280 740 1325 In
748 1279 952 1325 choatz‘o
990 1279 1213 1324 Dz'aetae.

286 1392 432 1439 Moris
478 1400 608 1444 erat.
670 1401 718 1439 ut
772 1393 1054 1438 adventante
1110 1391 1334 1437 habendis
1389 1392 1598 1438 Comitiis
1653 1392 1745 1449 die,

158 1461 363 1508 Membra
385 1462 612 1507 Diaetalia
639 1476 749 1506 mox
775 1475 915 1506 causa
942 1460 1134 1506 honoris
1162 1460 1314 1520 Regni
1338 1460 1571 1505 Primores
1598 1474 1748 1506 reve-

158 1536 318 1575 renter
344 1529 547 1586 adirent.
588 1536 756 1575 exacto
785 1535 948 1590 postea
985 1527 1134 1573 triduo
1155 1563 1167 1585 ᾖ
1204 1529 1283 1573 vel
1311 1528 1573 1590 quatriduo.
1601 1543 1747 1588 prae-

160 1596 384 1643 stolandis
425 1595 693 1643 absentibus
730 1596 827 1641 dari
869 1597 1039 1651 solito7
1081 1595 1312 1657 ductoque
1353 1596 1407 1641 ab
1447 1597 1747 1641 invocatione

157 1665 312 1711 Divini
353 1661 563 1710 Numinis
604 1664 790 1710 solenni
836 1665 998 1720 initio,
1049 1670 1158 1724 post
1198 1670 1451 1711 consvetas
1496 1662 1749 1709 Sessiones

156 1733 534 1795 praeparatorias
570 1730 654 1789 ff).
709 1733 839 1792 ipsae
879 1730 1064 1777 tandein
1105 1731 1477 1778 consultationes
1519 1729 1745 1777 diaetales

159 1803 445 1862 occiperent.

215 1899 266 1953 ἰ)
300 1897 379 1937 His
422 1899 647 1937 adnumero
692 1896 970 1936 Salutationes
1032 1898 1221 1936 Statuum
1273 1902 1463 1945 mutuas3
1511 1896 1748 1937 electionem

268 1955 571 2006 Deputatorum
614 1954 664 1992 ad
706 1953 990 2001 salutandum,
1035 1960 1072 1992 et
1114 1953 1373 1991 invitandum
1419 1954 1593 2005 Regem,
1625 1953 1752 2008 hujus

269 2013 487 2051 adventum
531 2024 620 2050 cum
654 2009 814 2049 solenni
845 2033 899 2039 -—
932 2009 1015 2048 nisi
1047 2009 1168 2048 aliter
1196 2007 1340 2061 jubeat
1373 2032 1425 2038 -
1458 2010 1673 2062 ingressu,
1715 2017 1754 2050 et

271 2069 507 2120 exceptione
539 2066 818 2121 conjunctum,
853 2079 1005 2118 quaeve
1038 2072 1133 2105 sunt
1165 2066 1288 2106 istius
1320 2067 1485 2120 generis
1511 2067 1683 2120 reliqua,
1711 2068 1753 2108 in

273 2126 375 2167 actis
408 2124 656 2166 diaetalibus
691 2124 781 2164 fuse
814 2125 1019 2163 adnotata.

855 2250 902 2305 ὃ.
945 2250 1055 2296 394.

406 2367 592 2414 Tabula
630 2368 856 2412 Statuam
897 2369 1155 2424 superior,
1197 2376 1241 2411 et
1278 2369 1503 2426 inferior.

294 2482 453 2528 Liceat
488 2483 768 2543 antiquatam
807 2479 1107 2527 Comitiorum
1136 2480 1329 2527 sormam
1365 2480 1485 2526 ultro
1526 2479 1750 2526 historice

156 2551 394 2614 prosequi.
436 2550 667 2605 Senatus,
707 2550 771 2593 uti
812 2548 1038 2605 diximus.
1078 2550 1330 2595 Procerum
1368 2563 1518 2605 unus7
1559 2554 1605 2593 et
1631 2548 1749 2594 alter

158 2620 393 2675 Statuum,
433 2617 599 2663 dudum
637 2618 682 2661 in
711 2619 940 2678 separatis
970 2617 1272 2664 conclavibus
1301 2616 1535 2663 ordinarie
1563 2631 1748 2663 conve-

157 2687 359 2735 niebant.
408 2684 543 2741 Quod
583 2683 810 2732 adversus
847 2684 979 2745 leges
1024 2686 1339 2744 clarissimas,
1389 2686 1571 2748 aliaque
1611 2684 1748 2731 lucu-

199 2831 235 2874 =‘¹)
261 2832 388 2875 Collig.
417 2831 514 2864 istud
541 2840 583 2864 ex
611 2830 712 2863 1662.
739 2831 793 2863 53.
821 2834 856 2863 et.
876 2840 945 2863 usu
969 2835 1062 2865 cont.

197 2890 233 2933 b)
260 2889 339 2923 Vid.
361 2893 431 2925 act.
452 2889 566 2925 Diaet.
595 2888 722 2932 compl.
745 2889 862 2932 Regni
889 2888 1067 2924 convent.
