1941 3143
1675 104 1729 149 11

835 214 882 270 §.
922 216 1033 263 332.

637 314 700 359 II.
742 315 894 359 Scuta
932 313 1230 371 Regnorum.

287 410 419 465 Quod
446 410 500 456 de
538 410 701 456 Titulis
738 409 1063 471 Imperantium
1092 409 1148 455 ad
1173 407 1463 454 indicandam
1500 406 1730 464 Majesta—

152 484 271 533 tem,
311 485 356 523 et
398 477 480 523 Jus
519 479 563 523 in
601 478 841 537 Regiones
878 484 1011 535 actu,
1062 477 1140 523 vel
1179 475 1423 536 aliquando
1460 487 1730 536 possessas,

149 544 286 605 paulo
338 552 443 590 ante
493 547 791 591 notavimus:
846 545 966 590 idem
1026 544 1081 590 de
1132 544 1285 591 Scutis
1346 542 1594 588 tenendum
1644 547 1732 595 est,

151 627 268 672 quae
306 612 436 659 velut
482 612 687 673 InsignIa
727 612 878 672 Regni
932 626 1074 658 sensu
1122 611 1344 657 strIctiori
1391 615 1614 670 accepta,
1667 614 1735 653 tot

152 679 305 725 itidem
360 683 644 727 constituunt
694 680 956 725 authentica
1012 680 1317 734 documenta,
1368 676 1424 722 ad
1474 690 1735 737 supremam

153 750 501 806 auctoritatem,
555 755 601 794 et
640 748 840 794 virtuale
894 747 1027 793 simul
1078 747 1353 803 dominium,
1404 751 1454 790 ut
1491 759 1592 789 cum
1640 757 1733 789 no-

153 817 259 861 stris
308 816 648 863 Jureconsultis
700 816 902 876 loquar,
954 818 999 860 in
1055 815 1241 861 avulsas
1292 826 1476 874 quoque
1526 812 1732 857 Provin—

152 885 246 928 cias
293 884 597 930 retinendum.
659 884 905 930 Scutorum
951 884 1178 943 originem
1201 916 1213 937 .,
1252 895 1341 926 nec
1375 894 1469 925 non
1507 879 1731 924 mutatio-

151 965 280 1006 nem,
321 966 453 1011 quam
478 958 644 1012 postea
671 951 791 996 forte
820 951 1086 1007 subierunt,
1113 949 1344 1012 prolixius
1373 947 1623 1001 discutere,
1651 947 1730 991 in-

152 1017 300 1077 deque
339 1020 494 1063 varias
534 1022 771 1079 utriusque
812 1017 956 1077 figere
982 1018 1240 1073 Periodos,
1279 1022 1424 1061 artem
1449 1013 1730 1060 heraldicam

150 1099 210 1128 ex
234 1084 452 1144 professo
480 1088 699 1146 respicit;
739 1100 827 1130 nec
862 1092 1016 1131 tamen
1054 1097 1453 1147 supervacaneum
1494 1079 1760 1139 existimas

151 1153 338 1211 propria
380 1153 766 1211 uniuscujuslibet
802 1152 1114 1210 Provinciae,
1155 1152 1210 1197 ad
1247 1149 1478 1197 Coronam
1503 1149 1731 1209 hungari-

147 1232 245 1262 cam
269 1220 546 1279 pertinentis
569 1254 581 1276 ,
621 1220 825 1280 Insigni-a
852 1219 1129 1267 brevissime
1158 1220 1294 1266 isthic
1321 1218 1603 1266 describere.

841 1355 888 1411 ξ.
931 1355 1042 1401 333.

273 1455 589 1512 Hmeqam'ae,
633 1455 895 1508 Croccte'ae,
933 1452 1244 1507 Dalmatiae,
1281 1451 1594 1499 Sclavom'ae.

278 1550 514 1612 Hungaria
542 1550 730 1598 exhibet
758 1552 945 1599 Scutum
970 1551 1359 1614 perpendiculare
1378 1585 1390 1608 ,
1429 1551 1476 1596 in
1503 1549 1615 1596 duas
1640 1562 1726 1594 ru-

141 1618 247 1664 bras
275 1619 472 1665 divisum
499 1634 659 1675 areas,
699 1623 744 1665 in
772 1635 963 1681 quarum
999 1623 1186 1666 sinistra
1214 1626 1319 1666 sunt
1345 1619 1520 1664 fasciae
1549 1632 1728 1676 argen—

141 1694 245 1732 teae
274 1694 498 1747 quatuor,
537 1689 584 1732 in
623 1686 786 1732 (lextra
822 1702 939 1733 vero
967 1694 1062 1732 tres
1091 1694 1274 1732 montes
1308 1685 1515 1742 virides,
1565 1684 1727 1745 quibus

141 1770 201 1800 ex
228 1769 367 1800 aurea
394 1754 579 1800 Corona
606 1755 789 1814 vulgari
816 1769 1064 1814 emergens
1093 1761 1317 1813 argentea
1346 1751 1470 1798 Crux
1497 1752 1725 1813 duplicata

140 1823 311 1867 insistit
351 1820 421 1879 ff).
476 1820 661 1866 Croatia
704 1822 941 1867 Tessellas
983 1829 1206 1882 argento,
1259 1827 1305 1866 et
1345 1821 1484 1865 minio
1531 1823 1727 1876 tinctas;

138 1889 363 1934 Dalmatia
390 1890 435 1934 in
463 1887 640 1949 Clypeo
687 1889 904 1934 caeruleo
935 1895 1157 1935 coronata
1201 1889 1288 1934 tria
1315 1887 1545 1949 Leopardi
1572 1888 1720 1947 capita

136 1971 290 2002 aurea.
331 1956 382 2001 ln
408 1956 689 2002 Sclavoniae
717 1956 892 2014 Scuto,
934 1956 1056 2017 quod
1082 1958 1254 2016 gemini
1298 1955 1457 2011 fluvii,
1498 1955 1725 1999 horizon—

136 2024 289 2069 taliter
330 2024 480 2079 ducti,
518 2025 564 2068 in
600 2030 696 2069 tres
736 2038 870 2069 areas
906 2024 1147 2081 dividunt,
1188 2038 1361 2070 summa
1407 2037 1516 2068 area
1559 2024 1605 2068 in
1632 2036 1719 2082 qua

138 2090 270 2135 stella
297 2090 472 2149 fulget,
512 2105 566 2134 ac
591 2090 742 2136 infima
770 2092 987 2137 caerulea
1022 2098 1124 2148 est3
1164 2091 1360 2136 mediam
1402 2097 1554 2136 autem
1580 2090 1718 2135 colo—

138 2158 200 2199 ris
239 2157 430 2213 virIdis,
471 2156 728 2204 fluminibus
763 2160 1101 2220 interceptam,
1139 2165 1310 2204 martes
1354 2161 1557 2204 currenti
1585 2159 1719 2203 simi—

137 2223 192 2267 lis
211 2258 223 2279 ,
261 2229 398 2268 vetus
425 2227 579 2284 gentis
606 2227 820 2286 insigne,
850 2228 1113 2288 occupavit,
1142 2226 1320 2288 reliqua
1345 2225 1630 2271 VVladislaus
1658 2223 1713 2269 ΙΙ.

138 2290 306 2348 adjecit
349 2291 403 2347 ³).

191 2386 240 2439 ἡ)
272 2387 349 2425 Per
377 2387 526 2427 fascias
561 2395 734 2440 quatuor
759 2389 1002 2440 praecipuos
1027 2390 1267 2443 Hungariae
1292 2390 1439 2430 fluvios
1469 2389 1717 2437 Danubium,

247 2444 472 2492 Tibiscum,
505 2447 669 2494 Savum,
702 2452 740 2484 et
764 2446 970 2493 Dravum;
1001 2461 1074 2498 pet·
1104 2454 1263 2487 montes
1296 2448 1463 2486 totidem
1491 2447 1716 2497 carpaticas

246 2500 395 2550 Alpes,
443 2514 541 2552 quac
590 2502 876 2541 vetustissima
920 2503 1234 2553 compellatione
1281 2505 1485 2552 Tatra,
1544 2504 1717 2551 Patra,

247 2556 423 2595 Matra
455 2558 668 2596 dicuntur:
702 2571 775 2608 per
805 2571 964 2598 crucem
993 2561 1152 2599 demum
1178 2561 1438 2612 duplicatam,
1471 2573 1587 2611 quam
1613 2559 1715 2597 alias

248 2613 557 2662 patriarchalem
591 2621 748 2662 vocant,
782 2621 1025 2665 potestatem
1057 2616 1164 2655 circa
1189 2619 1312 2656 Sacra
1336 2618 1517 2669 Regibus
1544 2616 1714 2664 nostris,

247 2670 459 2707 accedente
492 2670 699 2720 pontificia
730 2670 970 2723 largitione,
1003 2672 1206 2724 ampliora
1235 2673 1515 2726 subintelligi,
1551 2671 1715 2710 verosi—

171 2798 202 2837 “)
229 2798 479 2881 {gfullziploma
502 2800 536 2832 in
557 2801 614 2833 Fr.
644 2801 721 2835 Car.
739 2802 859 2836 Palma
883 2804 1038 2845 specim.
1065 2804 1209 2839 Herald.
1234 2806 1327 2848 Reg.
1348 2806 1465 2847 Hung.
1496 2811 1526 2844 p.
1546 2802 1603 2834 59.
1630 2801 1708 2834 vul-
