1941 3143
1567 148 1658 196 129

78 265 285 312 mittendi
326 265 367 323 ²)
384 263 454 322 '⁹‘).
481 266 815 325 praerogativa
842 279 927 309 usu
955 262 1168 309 diuturno
1196 263 1548 309 numerosiores
1576 261 1660 308 sub

79 336 267 395 proprio
307 331 503 378 habendi
540 332 716 377 vexillo
757 331 1040 393 probabilius
1078 331 1285 377 accrevit
1326 329 1389 386 lb)⁷
1427 329 1531 373 dum
1577 343 1662 372 re-

78 402 307 461 liquorum
341 401 474 457 juxta
514 399 708 444 eandem
741 400 923 446 clavim.
964 401 1413 459 proportionemque
1450 394 1664 440 Comita-

82 475 153 513 tus
193 467 414 513 vexillum
452 469 582 526 sequi
621 466 938 526 obligarentur
980 467 1036 523 ⁶).
1076 465 1149 510 Ad
1188 478 1321 525 quam
1348 465 1661 525 posteriorem

84 535 276 581 subinde
325 548 487 579 omnes
525 536 554 577 ii
587 535 723 578 relati
774 540 909 582 sunt„
966 535 1041 592 qui
1083 532 1290 577 adminus
1333 531 1667 590 quinquaginta

81 602 270 662 Equites
297 602 477 646 ratione
514 614 703 647 suorum
731 601 958 647 bonorum
987 607 1149 644 tenere
1174 599 1422 659 nequirent
1464 596 1506 654 d)
1547 603 1593 641 et
1620 596 1666 639 in

82 669 287 714 ordinem
312 668 543 713 Baronum
572 683 665 713 non
693 668 894 713 fuissent
921 666 1084 711 adsciti
1127 667 1167 723 ²)
1186 665 1285 723 με).
1326 665 1554 719 Quoniam
1575 677 1667 707 au-

81 743 169 781 tem
195 735 471 780 Banderium
504 738 733 795 integrum
768 734 1118 795 quadringentis
1147 767 1159 784 „
1212 732 1410 777 medium
1454 730 1666 776 ducentis

81 804 242 864 partim
291 804 551 861 armigeris„
601 810 650 847 ut
692 802 772 847 lex
804 807 972 854 vocat„
1032 802 1197 860 partim
1239 800 1360 845 levis
1402 804 1664 842 armaturae

82 868 308 930 equitibus
336 869 577 914 constabat
621 867 683 925 Γ)
733 883 915 914 omnem
940 867 1082 920 illum„
1122 881 1256 926 quem
1296 867 1473 910 animus
1506 867 1670 909 inces—

85 944 237 983 εει-111,
290 950 383 979 non
432 936 513 980 sub
549 936 724 983 vexillo
777 935 1051 990 Comitatus5
1103 933 1186 979 sed
1236 948 1337 978 cum
1375 930 1667 976 Banderiatis

86 1008 251 1061 gentes
279 1015 385 1046 suas
412 1003 690 1058 coadunare„
730 1003 1021 1047 adminimum
1067 1016 1204 1045 unam
1247 1006 1461 1046 octavam
1500 998 1670 1056 integri

87 1068 300 1114 Banderii
327 1071 370 1114 in
409 1083 617 1129 campum
658 1069 898 1115 educendo
937 1083 1095 1130 parem
1125 1082 1232 1114 esse
1275 1069 1544 1128 oportuisse
1583 1065 1673 1109 hoc

89 1139 189 1196 ipso
220 1138 536 1196 consequitur.

145 1215 192 1267 ³³)
225 1215 316 1253 Non
361 1228 407 1253 ex
451 1228 554 1254 vano
597 1217 804 1267 suspicor,
844 1216 1112 1268 hungaricum
1160 1216 1260 1256 illud
1319 1213 1549 1266 ‚‚Elokelo“
1597 1226 1674 1264 quo

205 1270 453 1310 valentiores
486 1278 628 1310 nostra
670 1274 800 1312 adhuc
842 1280 971 1312 aetate
1004 1273 1350 1323 designabantur,
1391 1271 1440 1310 ab
1472 1270 1552 1309 ista
1585 1277 1676 1309 ante

200 1327 382 1377 reliquos
415 1330 691 1379 coiisurgendi
723 1330 972 1380 obligatione
999 1329 1249 1381 invaluisse3
1282 1333 1386 1371 hanc
1408 1327 1514 1366 enim
1538 1327 1677 1379 lingva

203 1383 422 1422 vernacula
454 1384 502 1422 ad
537 1385 735 1423 amussim
769 1385 974 1436 exprimit.

115 1455 192 1507 u)
222 1455 396 1494 Multam
420 1456 513 1495 istis
538 1456 667 1496 lucem
690 1458 907 1496 affundunt
928 1464 1188 1497 monumenta
1215 1459 1264 1498 ab
1287 1464 1417 1498 aetate
1439 1458 1622 1498 Mathiae
1644 1457 1678 1496 I.

200 1513 387 1551 desumta
407 1514 466 1565 g),
501 1525 600 1563 quae
622 1527 669 1553 ex
693 1514 964 1553 Kovachichii
986 1513 1189 1567 Vestigiis
1211 1514 1484 1555 Comitiorum
1510 1527 1533 1554 a
1556 1514 1676 1554 nobis

203 1568 284 1608 alio
318 1569 406 1608 loco
440 1568 577 1623 (533)
612 1577 904 1623 provocantur.

772 1697 820 1752 ὃ.
861 1698 974 1744 538.

694 1796 852 1840 Cernis·
886 1796 1059 1840 Bonis.

228 1890 328 1935 Jam
355 1892 393 1937 si
418 1890 709 1937 revolvendo
751 1893 962 1936 iteratam
1001 1906 1101 1936 eam
1142 1889 1558 1939 Constitutionem:
1602 1900 1682 1952 „ut

96 1960 388 2018 „quicunque
440 1958 742 2003 Dominorum
797 1973 1038 2003 numerum
1098 1961 1429 2019 quinquaginta
1477 1962 1679 2023 equitum

96 2039 221 2082 „non
246 2024 482 2082 habuerit,
521 2025 669 2071 subsit
703 2024 934 2071 Banderio
973 2026 1184 2085 generali
1213 2025 1500 2085 Comitatus,
1552 2035 1598 2073 et
1636 2030 1682 2073 in

98 2092 324 2148 „medium
373 2091 508 2151 hujus
547 2095 768 2153 pecunias
829 2093 1141 2139 exercituales
1183 2093 1294 2139 dare
1344 2101 1559 2140 teneatur
1600 2093 1678 2153 ’Ὑί

97 2165 249 2206 mente
274 2159 412 2220 paulo
441 2161 675 2205 attentiori
702 2160 977 2221 expendam,
1027 2161 1151 2221 quod
1188 2164 1383 2208 istorum
1422 2165 1681 2223 unusquis-

99 2239 188 2284 que
214 2232 385 2272 tantum
409 2227 600 2272 militem
628 2227 853 2273 educendi
879 2228 998 2273 haud
1024 2230 1222 2289 incapax
1245 2232 1438 2290 proprio
1466 2229 1549 2276 sub
1588 2243 1682 2276 ve-

98 2291 210 2337 xillo
250 2294 534 2351 militaverit,
573 2294 769 2340 militare
797 2302 925 2341 certe
952 2298 1185 2358 potuerit3
1225 2297 1347 2357 quod
1386 2311 1528 2357 porro
1556 2303 1680 2341 tem-

99 2372 231 2417 pore,
269 2375 361 2421 quo
388 2361 464 2407 vel
491 2364 687 2407 maxime
727 2362 955 2408 Banderia
993 2363 1244 2423 vigebant,
1296 2378 1379 2424 per
1415 2366 1683 2411 universam

139 2494 172 2535 ὓ)
198 2495 297 2530 1458.
324 2500 356 2531 2.
381 2515 425 2522 —⁴
454 2498 553 2533 1492.
582 2503 636 2534 18.

142 2550 178 2592 ι’)
204 2553 270 2587 cit.
296 2554 398 2589 1492.
424 2559 481 2590 21.
508 2562 544 2590 et
571 2558 671 2592 1498.
698 2560 755 2590 22.

142 2610 176 2651 c)
205 2611 304 2643 1500.
334 2614 388 2646 21.
415 2612 444 2654 ς.
472 2618 501 2647 1.

143 2664 176 2706 d)
204 2668 303 2700 1538.
331 2670 384 2701 13.

142 2722 175 2765 v)
204 2725 303 2757 1556.
330 2724 386 2756 40.

144 2780 176 2820 ¹)
205 2780 302 2813 1'492.
328 2782 381 2814 20.

143 2838 176 2874 8)
206 2840 241 2869 ln
269 2840 388 2879 specie
414 2837 514 2871 1459.
541 2840 594 2873 32.

142 2895 304 2985 h>lima
336 2897 387 2926 27.
414 2913 443 2915 —
484 2897 581 2928 1601,
610 2889 664 2928 1'1.
