1941 3143
201 62 300 111 244

902 176 950 230 ς.
991 177 1103 222 743.

699 273 903 322 Sedima
940 274 1296 324 ,Domz'nalz‘mn.

344 374 628 422 Colonorum
655 375 810 433 itaque
838 378 1110 432 competens
1136 375 1310 434 primae
1339 376 1588 422 instantiae
1606 375 1798 435 Forum,

207 442 334 504 quod
360 443 466 488 alibi
495 443 649 499 Curia,
678 441 813 488 nobis
851 440 999 486 Sedes
1028 439 1271 487 dominalis
1300 451 1399 489 erat
1442 446 1510 501 ⁸),
1550 459 1574 489 a
1601 443 1800 490 dominis

204 511 510 557 terrestribus
538 511 660 556 hunc
685 512 731 556 in
759 508 896 554 finem
936 510 1033 554 suis
1061 509 1283 556 sumtibus
1320 511 1629 568 celebranda3
1668 513 1801 571 cujus

208 578 432 635 exordia,
470 578 794 624 Jurisdictioni
830 576 1047 621 dominati
1075 579 1351 635 conJ'uncta,
1392 579 1557 638 Regno
1599 581 1688 640 ipsi
1716 594 1806 625 co-

210 660 329 692 aeva
356 660 494 704 esse,
533 660 669 692 nemo
699 643 961 704 ambigebat
987 644 1244 702 hactenus,
1284 646 1492 704 ejusdem
1524 653 1807 694 vetustatem

207 713 340 759 Bulla
366 714 526 760 Aurea
553 714 718 769 docet,
757 727 876 774 quae
901 718 1031 758 vetat
1067 713 1257 773 praedia
1289 715 1611 761 Servientium
1637 715 1805 762 discuti

211 797 237 826 a
265 780 518 828 Comitibus
545 781 847 828 Parochianis
891 779 950 837 b).
993 779 1110 835 Quid
1135 795 1252 827 vero
1288 782 1414 827 Juris
1442 782 1639 838 exinde,
1667 789 1806 843 atque

215 848 514 908 obligationis
541 850 789 896 Dominum
833 854 1105 893 terrestrem
1144 851 1366 894 manserit
1407 849 1657 895 Verbiiczii
1684 857 1808 895 tem-

209 931 357 979 pore,
396 917 517 963 idem
559 917 768 979 pluribus
809 916 1032 975 explicuit
1073 916 1130 972 ο).
1169 915 1243 960 Ad
1282 915 1511 961 Judicium
1546 916 1668 962 istud
1692 931 1810 977 per—

209 986 445 1030 tinuerant
472 985 832 1032 controversiae
874 982 1158 1027 Colonorum
1196 986 1417 1042 quaevis,
1456 985 1559 1030 sive
1598 983 1704 1029 illae
1731 986 1810 1030 in-

209 1058 282 1098 ter
322 1066 406 1098 eos
450 1054 608 1113 ipsos,
648 1055 751 1099 sive
791 1051 1018 1097 adversus
1048 1049 1303 1107 Colonum,
1343 1066 1431 1112 qua
1468 1054 1515 1097 in
1541 1066 1728 1098 causam
1753 1052 1809 1098 ab

211 1126 439 1165 extraneo
482 1120 767 1175 adtractum,
808 1121 909 1164 slve
950 1118 1130 1163 demum
1170 1133 1195 1163 e
1237 1133 1362 1164 nexu
1400 1118 1659 1165 subditelae
1688 1122 1808 1165 inter

211 1188 457 1233 Dominum
484 1189 813 1244 Terrestrem,
853 1193 899 1232 et
940 1185 1167 1231 Colonum
1193 1194 1522 1242 verterentur,
1567 1186 1810 1233 Consimili

214 1254 350 1301 modo
381 1254 562 1302 Causae
591 1270 777 1317 quoque
804 1254 1098 1311 criminaleS,
1134 1254 1212 1300 ubi
1237 1254 1462 1301 Dominus
1490 1268 1574 1316 per
1602 1254 1808 1317 speciale

213 1323 512 1386 privilegium
535 1324 644 1371 Jure
671 1322 813 1385 gladii
841 1321 1088 1384 gaudebat.

911 1473 959 1529 §.
999 1475 1111 1520 744.

823 1574 974 1630 Cujus
1009 1574 1212 1620 Forma.

350 1670 654 1718 Praesidebat
692 1679 846 1717 autem
883 1672 994 1718 Sedi
1020 1671 1257 1717 Dominali
1282 1672 1360 1719 vel
1402 1674 1446 1718 in
1472 1686 1676 1733 persona
1704 1671 1811 1717 Do-

214 1741 382 1795 minus,
411 1740 489 1785 vel
515 1739 636 1785 illius
662 1740 937 1800 Delegatus,
970 1739 1092 1800 quod
1120 1747 1270 1785 tamen
1300 1755 1356 1785 eo
1386 1746 1603 1785 mutatum
1631 1746 1705 1785 est
1747 1737 1811 1797 Α),

217 1814 266 1853 ut
292 1821 387 1852 non
432 1807 571 1853 liceat
609 1822 811 1868 unquam
851 1807 1051 1853 Domino
1094 1809 1332 1854 Terrestri
1370 1808 1644 1868 praesidere
1683 1809 1740 1852 iis
1767 1809 1814 1853 in

219 1876 405 1929 causiS,
445 1890 565 1935 quae
593 1889 644 1921 se
672 1877 823 1931 inter,
865 1881 910 1919 et
937 1876 1157 1921 Subditos
1194 1882 1472 1924 vertuntur.
1512 1889 1664 1934 neque
1691 1874 1813 1919 illius

218 1941 456 1988 Officiales
497 1957 642 2003 agere
679 1942 959 1999 Cojudices;
1010 1957 1172 1987 verum
1224 1942 1509 1986 Praesidium
1559 1943 1814 1986 Assessori

221 2008 556 2066 Comitatensi,
597 2011 719 2054 omni
757 2011 954 2069 partium
991 2009 1143 2053 studio
1190 2011 1232 2053 In
1277 2023 1419 2054 sensu
1460 2009 1580 2067 legis
1608 2009 1810 2069 experti,

219 2091 305 2138 per
346 2091 397 2122 se
440 2081 593 2122 tamen
621 2075 889 2135 deligendo,
922 2076 1211 2122 concredere
1248 2076 1446 2131 debeat;
1487 2075 1652 2122 additis
1693 2075 1814 2121 binis

220 2145 345 2190 Juris
371 2146 562 2204 peritis,
590 2142 767 2188 Judicis
793 2144 1065 2188 Juramento
1094 2144 1342 2188 adstrictis.
1371 2145 1592 2189 Accessit
1618 2157 1678 2188 ex
1704 2142 1815 2187 offi-

223 2213 296 2257 cio
339 2226 440 2256 cum
467 2211 579 2257 Jure
617 2212 822 2271 suffragii
860 2211 1013 2256 Judex
1051 2211 1281 2257 Nobilium
1317 2225 1401 2256 suo
1443 2225 1544 2256 cum
1579 2210 1814 2269 Adjuncto

227 2280 361 2326 simul
388 2281 534 2325 instar
573 2279 706 2324 testis
733 2278 933 2339 publici,
974 2285 1019 2324 et
1057 2279 1337 2335 authentici,
1377 2286 1624 2340 praeterea
1649 2277 1814 2323 Fiscus

229 2348 588 2403 Comitatensis,
628 2353 675 2391 ut
718 2347 907 2392 Colonis
950 2361 1034 2392 suo
1078 2361 1162 2407 pro
1201 2361 1392 2392 munere
1434 2348 1633 2391 assistat.
1684 2343 1816 2389 Ibant

225 2415 334 2460 hinc
371 2414 551 2459 Causae
593 2415 758 2459 civiles
789 2415 953 2472 juxta,
995 2428 1048 2458 ac
1087 2413 1353 2459 Urbariales
1388 2415 1536 2475 primo
1564 2413 1619 2457 ad
1646 2411 1816 2459 Sedem

229 2481 484 2528 Comitatus
521 2481 820 2527 Judiciariam
854 2487 947 2527 tum
981 2481 1088 2526 illae
1117 2481 1173 2527 ad
1199 2481 1320 2528 Fora
1345 2480 1687 2543 Appellatoria,
1727 2478 1814 2524 hae

264 2658 297 2693 ἢ)
325 2658 380 2689 De
406 2656 462 2688 his
488 2665 586 2690 cons,
616 2657 694 2689 Car.
721 2657 879 2699 Psaiiler,
905 2658 974 2689 Jus
1000 2658 1134 2700 Georg.
1164 2658 1244 2691 Sec.
1273 2658 1312 2689 11.
1330 2656 1369 2689 C.
1396 2657 1420 2689 1.
1446 2653 1475 2698 ᾗ.
1502 2656 1557 2690 29.

264 2713 300 2751 ¹³)
328 2715 430 2747 1222.
457 2715 488 2746 5.

266 2772 297 2808 ε’)
324 2771 363 2802 Ρ.
389 2771 449 2803 ΙΙΙ.
477 2773 516 2802 tt.
542 2771 587 2803 25
614 2774 648 2804 et
673 2770 730 2804 26.

268 2825 303 2869 d)
330 2826 431 2860 1836.
460 2827 513 2860 10.
