1941 3143
170 99 233 144 60

164 224 259 257 ram
285 208 545 271 patiuntur)
586 206 771 255 attribui
798 221 959 269 posse,
998 209 1150 256 animo
1177 224 1201 255 a
1237 211 1575 273 praeventione
1601 208 1750 256 libero

166 277 428 325 consultum
453 276 621 333 videri,
660 278 750 322 imo
777 276 855 322 vel
882 277 1108 341 possibile
1135 277 1239 324 fore
1279 285 1533 325 statuemus
1550 278 1575 324 ?

857 413 905 468 §.
945 413 1057 459 418.

659 496 979 542 Contrarium
1004 509 1095 541 nec
1119 494 1265 554 leyes.

298 591 406 640 Scio
444 593 607 652 legeS,
646 595 915 639 nominatim
956 590 1196 640 articulum
1235 595 1280 640 7.
1314 594 1489 649 1553.,
1532 594 1607 654 qui
1636 606 1749 652 erga

162 662 535 724 propositionem
562 659 654 706 divi
681 660 960 707 Ferdinandi
987 659 1086 718 VL,
1116 668 1161 706 et
1186 659 1286 706 VII.
1315 660 1364 722 ἤ)
1398 660 1453 706 de
1480 663 1630 706 veteri
1658 660 1752 706 Pa-

162 736 280 775 trum
305 729 537 789 religIOne
563 728 805 774 retinenda
825 763 837 786 ,
876 743 896 774 5
918 736 932 774 t
951 735 1044 775 atu
1063 743 1087 774 e
1106 727 1278 791 ndisq
1296 744 1323 773 u
1343 743 1368 773 e
1408 731 1462 774 in
1500 743 1531 774 v
1549 730 1560 772 i
1578 728 1674 773 ole
1693 743 1753 773 n-

162 803 263 843 tos
314 796 940 842 ecclesiasticorum
1003 804 1423 857 proventuum
1486 810 1753 856 occupa-

162 870 369 919 tores,
429 866 890 926 praetermisso
949 866 1126 922 juris
1193 863 1419 909 ordine
1446 896 1459 918 ,
1521 865 1753 923 poenis

161 932 329 994 perlati
358 930 568 987 fuerant,
611 934 684 977 17.
723 945 841 977 vero
874 933 1035 987 1556,
1076 932 1151 991 qui
1180 930 1235 975 de
1275 929 1570 990 praestandis
1598 930 1754 975 muni-

164 998 368 1045 tionibus
396 1014 480 1060 per
520 999 791 1053 Comitatus,
832 999 1019 1044 TIbisco
1058 997 1220 1042 adsitis
1249 999 1366 1056 agit,
1406 996 1579 1041 diserte
1617 995 1756 1042 defe-

164 1074 285 1113 ctum
320 1067 640 1112 instructionis
678 1079 901 1121 causare,
942 1066 1187 1126 quominus
1228 1063 1459 1125 quidpiam
1487 1062 1753 1120 ordinetur;

163 1134 272 1197 quid
311 1140 463 1179 autem
501 1133 725 1194 praesidii
763 1132 869 1177 inde
897 1132 1158 1179 adversarii
1197 1146 1310 1177 suae
1354 1134 1615 1177 sententiae
1641 1133 1755 1178 vin—

164 1202 319 1248 dIcare
347 1207 550 1262 queant,
590 1200 743 1245 fateor
770 1214 841 1245 me
868 1204 1069 1246 nescire.
1110 1198 1274 1245 Nullus
1316 1201 1464 1255 enim,
1504 1200 1581 1258 qui
1608 1201 1755 1244 meri-

164 1277 262 1315 tum
289 1269 513 1315 horumce
540 1268 842 1313 articulorum
869 1267 1061 1313 subacto
1087 1266 1389 1330 perpenderit
1419 1265 1625 1324 judicio.
1662 1281 1757 1312 non

165 1338 292 1384 illico
333 1336 701 1392 animadvertet,
740 1338 918 1397 primo,
959 1343 1097 1395 atque
1141 1333 1347 1379 secundo
1384 1334 1489 1380 loco
1528 1334 1754 1379 adductos

163 1407 287 1451 circa
317 1404 501 1462 objecta
538 1405 753 1460 versari,
790 1402 1122 1448 individualem
1161 1403 1528 1461 uniuscujusque
1555 1401 1756 1446 liberta-

163 1480 256 1518 tem
274 1506 286 1529 ,
333 1472 786 1533 praerogativasque
830 1469 1090 1515 cardinales
1130 1468 1377 1525 ferientia,
1429 1469 1757 1530 insequentem

164 1540 221 1585 de
261 1539 489 1585 localibus
533 1537 762 1595 adjunctis
800 1536 1105 1583 Comitatuum
1146 1536 1410 1593 disserere,
1458 1538 1504 1581 in
1560 1551 1756 1597 quorum

163 1614 362 1668 utroque
404 1620 581 1667 genere
629 1605 838 1665 obligare
866 1606 1201 1650 instructiones
1242 1606 1362 1650 inter
1397 1617 1485 1649 nos
1513 1606 1751 1649 convenit.

162 1675 259 1720 Imo
297 1674 399 1719 dum
441 1672 662 1718 articulus
701 1675 941 1734 posterior
968 1674 1272 1734 sponsionem
1317 1673 1554 1734 exprimit:
1596 1673 1756 1730 „mit-

166 1748 411 1801 „tentes
450 1740 742 1802 partibus
782 1742 920 1785 suis
959 1755 1080 1787 non
1132 1739 1502 1785 defuturos“
1545 1745 1673 1784 certe
1716 1739 1755 1783 si

165 1809 291 1871 quid,
312 1808 357 1854 id
376 1810 577 1855 omnium
603 1810 788 1853 minime
814 1807 998 1869 probat,
1016 1806 1140 1868 quod
1154 1807 1374 1867 Ablegati
1402 1821 1590 1853 suorum
1606 1804 1752 1853 Com-

163 1878 444 1923 mittentium
470 1875 855 1922 instructionibus
884 1874 1097 1920 absolute
1125 1877 1520 1934 constringantur.

217 1956 267 2011 *)
310 1959 432 1997 Sexta
478 1958 667 1996 hortatur
720 1957 805 1995 Sua
848 1954 1053 2009 Majestas
1101 1955 1233 1993 fidelis
1287 1955 1489 2003 Ordines,
1536 1960 1574 1994 et
1615 1955 1756 1994 Status

272 2014 430 2066 Regni,
465 2020 543 2061 „ut
585 2012 743 2052 relictis
785 2012 907 2051 novis
941 2012 1236 2062 opinionibus,
1282 2017 1320 2050 ct
1352 2012 1563 2050 erroribus
1597 2010 1755 2062 pravis,

276 2084 377 2122 „per
409 2076 636 2109 sectatores
670 2069 886 2120 quospiam
919 2068 1108 2115 invectis,
1141 2069 1189 2106 ad
1224 2073 1422 2117 veterem,
1455 2068 1756 2118 Parentumque

278 2140 479 2177 „suorum
512 2139 648 2165 veram
682 2125 950 2176 religionem,
992 2130 1029 2164 et
1061 2125 1111 2164 ab
1143 2125 1443 2176 Apostolorum
1479 2137 1608 2176 usque
1649 2130 1757 2163 tem-

278 2197 406 2236 „pore
439 2184 480 2222 in
512 2183 698 2223 Ecclesia
730 2180 944 2221 catholica
983 2182 1194 2232 hucusque
1237 2182 1495 2221 observatam
1539 2187 1757 2220 revertan-

278 2244 403 2291 „tur“
437 2241 619 2291 Septima
663 2252 759 2279 vero
803 2244 960 2278 monet:
1006 2245 1079 2286 „ut
1119 2251 1209 2277 eum
1252 2240 1439 2287 modum,
1487 2244 1524 2278 et
1555 2239 1757 2278 rationem

279 2298 500 2347 „studeant
545 2297 677 2345 inire,
724 2307 802 2346 qua
848 2295 1019 2334 violenti
1061 2295 1435 2335 ecclesiasticorum
1482 2301 1757 2346 proventuum

278 2354 515 2404 „ablatores
568 2367 676 2393 non
724 2351 940 2391 Jurium
990 2352 1390 2404 processibus,
1446 2353 1539 2391 sed
1586 2352 1758 2390 aliter

278 2411 521 2462 „puniri‚
553 2416 600 2449 et
631 2410 690 2449 ad
723 2409 1077 2448 restituenda
1119 2409 1304 2448 ablata
1335 2409 1453 2462 cogi
1486 2408 1755 2461 possint.“

276 2467 390 2507 Haec
423 2473 519 2507 sunt
550 2467 675 2507 verba
707 2465 923 2518 utriusque
957 2466 1273 2518 propositionis.

863 2592 911 2647 ξ.
951 2593 1063 2640 419.

696 2676 804 2722 Nec
822 2681 968 2735 facta
995 2678 1233 2723 evincunt.

302 2774 473 2820 Dicunt
510 2780 663 2820 tamen
699 2775 912 2835 exempla
955 2775 1061 2821 aevi
1101 2789 1195 2822 non
1235 2772 1548 2821 recent-issimi
1588 2772 1756 2830 solum,

165 2842 249 2891 sed
277 2843 526 2891 anterioris
566 2856 785 2906 quoque,
823 2849 1039 2905 prostare
1081 2843 1438 2892 instructionum
1475 2842 1637 2890 stricte
1664 2841 1756 2887 im-
