1941 3143
915 196 963 251 §.
1002 196 1080 242 42.

801 281 850 326 Ε
879 278 1211 337 yeneralzhus.

335 380 584 435 Quaeritur
621 392 735 437 ergo
771 378 964 423 merito:
1005 376 1114 438 quid
1145 378 1264 435 juris
1316 379 1519 439 supersit
1558 377 1793 437 Coronae,

198 447 501 508 Regibusque
544 446 810 505 Ilungariae
849 446 894 490 in
929 445 1201 490 Provincias
1230 445 1335 491 olim
1372 447 1521 491 snas?
1557 446 1631 492 Ad
1657 462 1792 507 quam

200 516 524 577 quaestiOnem
571 516 754 572 integre
794 512 1081 557 enodandam
1119 515 1311 574 praevie
1360 513 1581 573 indagare
1636 528 1792 575 expe-

200 584 311 639 diet,
352 582 515 641 quibus
542 583 589 626 in
623 582 730 639 jure
770 578 923 624 finium
949 582 1188 642 principiis
1230 581 1448 627 utendum
1476 584 1558 638 sit,
1597 596 1654 626 ne
1684 580 1791 641 quid

198 651 371 707 injuste
400 650 691 710 suscipiatur.
726 646 833 693 Non
860 650 982 693 enim
1008 651 1202 709 quaevis
1228 664 1559 710 possessorum
1586 663 1793 709 recupe-

200 716 452 763 randorum
480 718 687 772 occasio,
729 721 775 761 et
811 717 929 762 ratio
958 719 1251 777 quantumvis
1287 724 1546 779 opportuna
1574 716 1663 761 hoc
1688 718 1791 777 ipso

194 785 405 843 justitiae
434 798 621 846 semper
647 786 869 830 convenit
893 800 905 840 3
942 799 1104 830 verum
1132 799 1187 830 ea
1216 785 1411 841 demum,
1440 800 1557 846 quae
1586 798 1678 829 non
1705 783 1793 828 ab-

201 852 364 911 horret
389 866 414 897 a
442 852 636 912 regulis,
664 851 828 912 quibus
854 854 1214 912 praetensiones
1243 853 1298 898 de
1326 853 1490 899 finibus
1518 854 1637 897 inter
1662 850 1787 896 libe-

198 934 277 967 ras
303 926 470 983 gentes
497 921 771 968 necessario
794 919 1006 978 judicare
1034 926 1235 982 oportet.

950 1092 958 1100 .
1000 1055 1079 1100 43.

621 1141 699 1185 De
721 1141 844 1195 jure
876 1055 1047 1194 fliium
1084 1139 1365 1198 Principia&

336 1237 486 1283 Prima
523 1237 687 1298 regula
723 1236 840 1283 haec
878 1243 1010 1282 esto:
1051 1235 1214 1291 Quae
1264 1236 1459 1282 semel
1505 1238 1561 1283 in
1610 1244 1793 1298 pote-

200 1312 462 1363 statem,
520 1312 580 1352 et
632 1306 1026 1351 territorium
1080 1302 1381 1350 Civitatis
1437 1306 1562 1350 rite
1612 1304 1793 1351 deve-

199 1381 462 1431 nerunt,
501 1375 561 1419 in
612 1387 679 1418 ea
711 1374 809 1431 jus
859 1371 958 1417 illi
993 1378 1355 1433 perpetuum
1394 1379 1628 1430 manet,
1666 1374 1795 1418 nisi

200 1444 488 1503 deinceps
533 1443 760 1488 iterum
805 1441 1004 1499 justa,
1055 1454 1121 1484 ac
1168 1439 1453 1500 legitima
1505 1442 1794 1487 interve-

198 1512 361 1558 nerit
410 1511 690 1555 mutatio.
743 1505 933 1554 Altera:
984 1507 1116 1552 Eam
1164 1514 1351 1553 autem
1390 1507 1792 1553 mutationem

198 1577 443 1626 nonnisi
502 1591 607 1638 pro
666 1576 946 1636 legitima
1013 1588 1155 1620 esse
1210 1574 1571 1631 habendam,
1628 1589 1791 1636 quae

198 1653 395 1693 mutuo
454 1647 722 1705 partium
787 1657 1095 1689 consensu
1154 1656 1488 1704 expresse,
1550 1643 1654 1689 vel
1701 1649 1791 1688 ta-

198 1717 362 1771 cito,
411 1711 626 1758 valide
677 1713 958 1772 utrinque
1022 1711 1455 1771 interposito,
1494 1725 1559 1756 ac
1597 1709 1793 1757 suffi-

197 1784 467 1828 cienter
518 1779 858 1826 declarato
912 1779 1148 1825 nititur
1201 1780 1260 1837 ὃ).
1323 1779 1513 1824 Tertia:
1578 1778 1794 1824 Prae-

199 1849 485 1910 scriptio,
525 1863 660 1908 quam
699 1850 820 1893 inter
845 1853 1013 1907 gentes
1040 1845 1212 1892 liberas
1253 1845 1459 1907 alioquin
1484 1852 1658 1907 negant
1682 1845 1791 1907 ple-

196 1921 331 1980 rique
372 1914 417 1974 b)
457 1914 701 1971 obtinere,
753 1915 1148 1975 quantumvis
1200 1913 1496 1958 diuturno
1557 1915 1793 1958 innita-

198 1994 295 2033 tur
341 1983 636 2044 tempori,
691 1983 790 2027 rei
837 1980 1174 2026 derelictae
1235 1979 1514 2025 idoneam
1570 1981 1791 2038 conje-

200 2060 436 2100 cturam
485 2049 700 2096 relate
750 2048 820 2094 ad
870 2049 1237 2109 provincias
1290 2047 1562 2103 avulsaS,
1613 2061 1792 2093 occu-

197 2126 500 2184 patasve,
554 2117 642 2163 ibi
689 2123 858 2162 certe
914 2116 1162 2160 omnium
1214 2117 1446 2160 minime
1496 2114 1791 2176 suppedi-

198 2197 337 2236 tare
386 2192 625 2248 potest,
696 2183 792 2229 ubi
841 2189 1016 2228 actus
1067 2184 1344 2243 positivi
1406 2185 1794 2229 contrarium

202 2256 458 2310 docent3
511 2253 683 2309 Quarta
724 2250 927 2296 demum:
982 2249 1160 2294 Fines
1213 2250 1414 2309 Regni
1466 2252 1520 2295 in
1568 2263 1793 2311 perpe-

202 2331 387 2379 tuum,
451 2321 851 2367 assentiente
899 2318 1320 2364 tantummodo
1369 2317 1636 2379 populo,
1685 2331 1793 2363 va-

203 2391 328 2436 lide
396 2387 862 2441 abalienantur,
933 2384 1180 2445 quando
1239 2398 1600 2430 consensus
1661 2385 1790 2429 iste

201 2457 408 2520 pactis
457 2452 1034 2500 fundamentalibus
1083 2459 1453 2498 reservatus
1513 2450 1789 2506 habetur,

199 2525 456 2571 tametsi
508 2529 815 2575 extrema,
870 2527 1060 2579 atque
1115 2519 1376 2565 evidens
1426 2519 1789 2564 necessitas

200 2590 563 2653 quandoque
627 2587 827 2633 aliud
876 2587 978 2632 vel
1027 2587 1321 2642 suadeat,
1380 2586 1490 2631 vel
1560 2591 1786 2631 extor-

200 2674 313 2722 que
331 2665 401 2704 at.
444 2657 692 2703 Generalia
720 2655 835 2700 haec
862 2661 966 2700 sunt
994 2653 1048 2699 de
1074 2654 1185 2699 Jure
1212 2654 1366 2699 finium
1397 2655 1640 2715 principia,
1678 2653 1789 2697 uni-

238 2802 269 2839 a)
295 2803 459 2835 Moscov.
486 2800 520 2833 in
546 2800 665 2833 Princ.
689 2800 767 2832 Jur.
795 2798 888 2840 pubi.
917 2798 1038 2830 Germ.
1066 2798 1101 2830 L.
1127 2798 1158 2829 2.
1186 2797 1223 2829 C.
1250 2797 1280 2829 1.
1310 2796 1338 2838 ᾗ.
1365 2797 1396 2831 3.
1423 2795 1454 2830 4.
1481 2800 1516 2830 et
1541 2805 1616 2839 seq.

237 2848 272 2892 b)
300 2848 436 2893 Brfinig
462 2848 505 2883 de
528 2845 745 2891 praescript.
771 2846 851 2880 Juri
877 2845 1047 2880 Gentium
1073 2844 1253 2886 incognita
1278 2845 1440 2886 aliosque
1466 2847 1603 2878 recent.
