1941 3143
243 48 338 95 148

238 157 442 204 Ladislai
483 155 630 203 Chuni
676 156 853 216 legisse
898 162 1055 201 narrat
1098 156 1157 213 ⁸),
1208 155 1317 202 licet
1354 155 1496 202 multo
1526 157 1677 203 serius
1710 159 1826 205 titu-

238 227 310 271 lus
338 225 529 272 Comitis
553 223 978 285 Archi-Episcopis
993 223 1393 282 strigoniensibus
1423 224 1646 271 Ludovici
1679 225 1732 282 Ι..
1774 240 1828 271 ac

237 293 415 339 Mariae
453 293 655 338 decretis
699 291 741 349 ¹²)
783 291 1022 348 adjectus.
1087 290 1198 336 Loci
1260 292 1485 338 duntaxat
1545 294 1828 338 mentionem

241 361 409 418 saciat,
464 363 668 406 accessit
719 361 1002 404 ornamentis
1056 360 1157 404 istis
1210 359 1435 420 Principis
1476 361 1725 419 Agnomen
1767 361 1827 417 ο).

238 432 476 474 exstincto
523 429 661 472 etiam
689 425 900 472 Romano
939 426 1138 487 Imperio
1182 434 1427 473 retentum.
1504 429 1829 474 Accreverunt

239 498 430 557 insuper
459 495 586 539 celsa
624 492 963 551 additamenta,
1015 509 1151 554 quum
1193 509 1312 540 anno
1350 497 1520 556 prioris
1568 494 1715 540 seculi
1749 495 1827 541 23.

238 562 490 608 Consilium
526 561 957 607 Locumtenentiale
983 561 1179 621 Regium
1221 565 1549 608 revivisceret.
1590 562 1834 623 etSupre-

236 645 356 675 mum
382 630 598 675 Justitiae
644 628 881 678 Tribunal,
946 644 1030 674 eeu
1077 629 1249 674 Tabula
1280 630 1633 690 Septemviralis
1673 635 1832 674 erecta

238 705 327 746 est,
367 698 426 743 ibi
455 696 738 749 Consiliarii,
778 696 851 741 hic
881 695 1117 754 Cojudicis
1152 696 1375 756 dignitate
1404 697 1570 742 addita.
1603 697 1830 741 Functio-

234 779 319 810 nes
351 766 565 811 Pisetarii
595 763 788 809 inferius
818 772 1139 812 occurrentes.
1181 780 1298 825 quae
1325 764 1379 809 ad
1413 779 1496 809 eos
1519 765 1572 809 ab
1601 766 1833 823 antiquis-

235 834 363 879 simis
391 832 677 893 temporibus
707 831 1019 892 pertinehant.
1058 847 1146 876 nec
1174 847 1266 876 non
1292 858 1359 863 ——
1384 839 1430 875 ut
1462 831 1644 890 quidam
1670 830 1834 875 volunt

236 926 303 932 —
334 898 754 960 Archi—Capellam
786 899 985 947 officium
1019 898 1102 956 Ἶυῦνΐ)
1143 898 1320 959 1111116111
1350 896 1699 943 interciderunt.

267 997 317 1048 *)
349 997 517 1036 Initium
562 995 844 1034 distinctionis
875 995 998 1033 istius
1027 995 1236 1045 quaerenti
1266 1007 1345 1033 11011
1384 994 1537 1043 habeo,
1571 996 1676 1046 quod
1718 995 1833 1035 assi-

347 1067 480 1104 gnem.
515 1052 672 1091 Bullam
697 1051 900 1090 Bonisacii
921 1050 1152 1102 1X.Papae
1188 1052 1222 1089 si
1252 1051 1475 1102 inspicias,
1509 1065 1530 1090 a
1559 1051 1696 1105 Prayo
1729 1066 1831 1104 pro—

348 1113 506 1148 ductam
551 1109 613 1161 d),
647 1109 813 1147 tametsi
849 1108 920 1146 alii
955 1108 1076 1147 aliter
1097 1109 1303 1148 senserint
1346 1112 1396 1158 ⁰),
1430 1108 1630 1148 Joannem
1665 1110 1712 1147 de
1741 1109 1832 1147 Ka-
1857 1134 1866 1141 -

345 1167 461 1205 nizsa
491 1165 801 1216 Metropolitam
836 1165 1162 1216 strigoniensem
1188 1172 1226 1204 et
1249 1167 1441 1217 primum,
1470 1167 1574 1204 etad
1603 1165 1832 1213 Dioecesis,

346 1223 672 1273 Provinciaeque
698 1223 1002 1274 Strigoniensis
1032 1223 1181 1261 lImites
1216 1223 1348 1261 solum
1372 1222 1602 1261 restrictam
1642 1223 1832 1273 gemina-

344 1289 425 1319 tam
450 1281 555 1318 lianc
588 1280 828 1332 dignitatem
867 1280 1139 1330 impetrasse,
1186 1280 1252 1318 vix
1288 1286 1374 1323 est,
1421 1292 1494 1317 eur
1528 1280 1726 1331 ambigas.
1771 1279 1831 1318 Ab

343 1350 451 1377 anno
496 1343 629 1375 tamen
670 1335 791 1375 1452.
829 1349 906 1386 quo
950 1336 1147 1374 Nicolaus
1185 1336 1236 1377 V.
1279 1337 1473 1388 ampliata
1503 1350 1592 1375 cum
1628 1341 1830 1387 potestate

348 1393 561 1435 Cardinali
594 1394 801 1445 Dyonisio
835 1395 882 1431 de
915 1393 1062 1439 Szecs,
1105 1391 1370 1446 ejusdemque
1418 1393 1457 1431 in
1490 1392 1830 1444 Archi-Episco—

347 1458 444 1503 patu
478 1450 758 1501 Strigoniensi
791 1450 1112 1489 Successoribus
1146 1473 1197 1476 —
1234 1456 1275 1488 ut
1307 1450 1489 1488 Litterae
1535 1450 1650 1489 illius
1693 1456 1832 1500 aperte

346 1509 572 1559 loquuntur
594 1529 645 1534 ——
669 1506 1020 1557 approbavit,
1067 1506 1395 1546 confirmavi
1415 1514 1442 1555 t,
1476 1519 1534 1545 co
1554 1507 1830 1558 ntulitque

340 1564 797 1618 jurisdictionem
842 1563 1136 1602 Primatiae
1179 1563 1230 1602 in
1278 1563 1524 1615 singulis
1573 1564 1750 1613 Regni,
1782 1570 1830 1602 et

343 1622 581 1662 Partium
615 1621 659 1659 ei
710 1618 1081 1673 subjectarum
1127 1620 1594 1672 Metropolitanis
1639 1619 1829 1660 Cathe-

346 1678 623 1725 dralibus,
665 1690 721 1716 ac
767 1677 896 1715 aliis
930 1700 974 1705 —
1021 1677 1148 1715 licet
1194 1678 1418 1716 exemtis
1446 1700 1492 1705 —
1524 1677 1828 1724 Ecclesii83

343 1747 485 1774 omnes
514 1734 591 1772 hos
625 1740 768 1785 postea
797 1733 960 1773 titulum
999 1734 1215 1784 utriusque
1249 1747 1390 1773 sacrae
1419 1731 1591 1786 hujusce
1622 1733 1830 1785 praeemi-

343 1793 506 1832 nentiae
548 1804 621 1830 nec
654 1791 743 1831 sine
783 1792 955 1843 quadam
990 1788 1286 1844 jurisdictione
1326 1791 1534 1843 gessisse,
1591 1792 1707 1830 docet
1759 1790 1829 1829 hi-

344 1851 475 1889 storia
521 1846 577 1901 f).

230 1934 305 1988 Μ)
337 1935 397 1973 De
427 1934 609 1985 Capellis
635 1935 793 1987 Regiis,
826 1941 863 1974 et
892 1935 1126 1975 Comitibus
1158 1934 1349 1985 Capellae
1372 1934 1526 1986 Regiae
1556 1935 1597 1973 in
1626 1935 1828 1974 domesti-

344 1992 403 2031 cis
439 1992 714 2030 monumentis
750 1991 844 2042 plus
869 1993 956 2030 vice
980 1992 1157 2042 simplici
1186 1991 1498 2038 occurentibus,
1530 2004 1610 2030 non
1638 1992 1827 2043 vulgari-

344 2055 407 2087 ter
442 2048 642 2087 disseruit
675 2048 895 2098 aliquando
920 2048 1149 2100 Szvorenyi
1192 2049 1252 2100 8).
1286 2047 1345 2086 Ex
1380 2047 1443 2086 his
1475 2049 1581 2098 apud
1610 2062 1685 2088 nos
1724 2048 1825 2087 imi-

340 2106 495 2145 tatione
518 2106 673 2156 Regum
691 2105 849 2144 Galliae
876 2105 1263 2156 Archi-Episcopus
1287 2105 1598 2156 strigonienses
1622 2105 1828 2145 utArehi—

343 2162 591 2214 Capellanos
614 2162 847 2214 praefectos
879 2162 1010 2202 fuisse
1036 2162 1302 2211 existimavit,
1335 2175 1386 2201 an
1411 2168 1518 2201 recte
1537 2161 1557 2201 ’ἓ
1588 2164 1708 2202 modo
1735 2163 1827 2202 dis-

341 2221 504 2271 quirere
529 2232 674 2271 parum
710 2219 895 2260 interest.

264 2378 301 2426 ἢ)
328 2382 392 2423 Op.
421 2393 515 2418 nunc
543 2387 602 2418 eit.
633 2396 660 2428 p.
691 2387 767 2419 150.

265 2426 300 2512 Ἴ
327 2429 405 2507 ¹Vid.
434 2435 502 2463 utr.
532 2434 641 2475 Regis
671 2435 780 2468 Decr.
807 2433 841 2465 in
872 2433 959 2467 Cod.
985 2434 1062 2466 Jur.
1090 2433 1207 2475 Hung.
1236 2433 1269 2464 in
1298 2434 1462 2467 confirm.

265 2481 279 2496 ⁰
351 2478 427 2508 715.
454 2480 530 2511 111.

262 2519 297 2555 ἃ)
325 2521 388 2562 Op.
417 2525 472 2556 cit¹
503 2535 579 2566 pag.
607 2526 662 2559 83.
687 2530 722 2558 et
745 2535 819 2568 seq.

261 2566 298 2603 θ)
325 2568 403 2601 Nic.
433 2572 579 2604 Sclnuid
609 2574 642 2604 in
671 2573 775 2605 Arch.
805 2573 925 2615 Episc.
949 2573 1058 2615 Strig.
1086 2572 1115 2614 ᾗ.
1142 2574 1197 2606 38.

266 2611 295 2654 s)
329 2616 467 2650 Bullam
514 2619 666 2660 utriusq.
703 2621 834 2652 Pontis.
870 2620 941 2651 vid.
980 2629 1032 2661 ap.
1072 2621 1164 2652 laud.
1204 2620 1296 2659 Pray
1325 2618 1430 2659 Spec.
1468 2617 1566 2648 Hier.
1605 2616 1704 2648 Eccl.
1730 2616 1809 2649 P.1

332 2675 363 2706 p.
391 2666 443 2698 83.
473 2667 509 2696 et
536 2675 609 2706 seq.
637 2666 740 2700 Cous.
764 2667 906 2699 dissert.
935 2676 1005 2700 rec.
1033 2667 1115 2699 edit.
1139 2666 1285 2698 Posonii
1313 2666 1369 2697 cui
1398 2665 1567 2704 timu-ag.
1594 2663 1823 2703 Rishflung.

330 2712 428 2745 attin.
457 2721 487 2752 p.
517 2712 568 2744 13.
597 2716 632 2743 et
659 2722 733 2753 seq.

262 2757 299 2800 Β)
326 2759 419 2792 nist.
443 2758 541 2791 Ecct.
569 2760 745 2792 Amoenit.
773 2760 813 2793 T.
843 2761 867 2792 1.
894 2759 934 2792 N.
962 2760 991 2793 3.
1020 2768 1050 2801 p.
1077 2759 1130 2792 13.
