1941 3143
230 120 322 166 152

224 239 271 278 et
298 233 368 278 sui
394 233 618 295 temporis
644 233 966 294 Augustorum
997 231 1276 278 imitatorem
1315 232 1451 280 factis
1495 232 1591 280 suis
1619 232 1818 281 demon-

225 299 417 358 strabat,
456 303 680 362 ipsusque
715 300 1021 363 profitebatur
1062 300 1121 358 ⁸).

253 412 305 467 ἡ)
338 413 414 461 lta,
446 419 490 453 ut
521 426 646 453 unum
679 425 699 451 e
722 411 864 452 multis
889 410 1113 462 proferam,
1144 410 1246 451 citra
1262 411 1575 452 haesitationem
1593 413 1743 454 Timon
1786 417 1824 462 b>

339 471 736 523 „Magistratus
794 468 1022 509 Comitis
1077 468 1280 508 Palatii
1330 491 1381 498 -—
1425 470 1557 521 inquit
1599 493 1656 501 —
1705 485 1820 512 cum

339 528 557 580 „Regno
613 532 771 566 natus
822 529 946 566 est.“
996 525 1229 577 Jogellinus
1274 526 1413 566 Abbas
1465 527 1821 577 Euserthalensis,

338 584 542 635 Leopoldi
591 584 622 625 I.
661 582 856 625 Caesaris
910 582 1287 636 Historiographus
1333 584 1372 623 in
1417 597 1492 624 suo
1536 584 1819 625 Palatinorum

345 641 572 693 Cathalogo
616 640 657 693 ⁰)
690 641 868 694 primum
909 642 1131 680 eorundem
1172 642 1220 679 ad
1257 643 1418 680 Annum
1460 642 1583 681 1001.
1641 641 1820 683 Cebam

338 699 559 746 nominat,
602 697 679 738 fide
714 699 898 746 scilicet,
942 711 987 737 ac
1025 699 1146 738 ductu
1184 698 1450 744 Litterarum,
1484 700 1701 740 Monachis
1735 700 1821 740 divi

340 756 549 795 Benedicti
584 755 623 794 in
656 762 792 795 monte
825 755 1060 795 Pannoniae
1113 768 1401 795 concessarum
1445 756 1501 809 ¹¹).
1554 757 1709 797 Verum
1749 771 1823 808 pcr

343 813 674 864 conclusionem,
721 813 871 853 ibidem
905 813 1044 852 verbis
1086 813 1180 852 istis
1221 826 1486 864 expressam:
1528 814 1665 862 „Hae
1698 821 1823 854 sunt

344 872 654 910 nominatae
707 870 891 910 Villae
940 871 995 909 in
1043 870 1403 909 dedicatione
1444 870 1721 910 Ecclesiae
1763 872 1822 910 ab

343 927 806 980 Archi-Episcopo
845 927 1202 975 Sebastiano,
1236 932 1285 965 et
1331 939 1354 965 a
1398 925 1608 966 Comite
1656 927 1820 967 Ceba“

343 998 393 1025 ne
425 998 448 1024 a
470 985 592 1038 longo
630 986 803 1025 evictum
832 990 946 1035 puto,
981 998 1030 1023 an
1065 984 1204 1023 Ceba
1236 996 1322 1022 eam
1357 983 1597 1036 dignitatem
1628 983 1821 1038 gesserit,

342 1056 513 1094 eumque
535 1042 700 1083 titulum
722 1041 809 1096 jam
833 1040 1048 1081 tenuerit?
1091 1041 1148 1092 ⁶).

226 1130 301 1184 ³³³⁶)
335 1130 554 1182 Excerpsit
586 1143 605 1169 e
642 1129 792 1169 Codice
832 1128 1114 1180 manuscripto
1173 1127 1478 1180 antiquissimi,
1532 1134 1672 1180 utpote
1704 1130 1823 1169 Anno

339 1186 436 1227 748.
478 1187 633 1235 erecti,
694 1186 942 1226 Monasterii
991 1185 1314 1225 Lunaelacensis
1366 1186 1612 1237 (Germanis
1650 1186 1824 1226 Monzce

340 1244 612 1284 communiter
646 1244 843 1293 Mansee)
878 1244 980 1282 Acta
1014 1244 1053 1283 S.
1086 1243 1261 1283 Gerardi
1283 1243 1481 1294 Episcopi
1510 1242 1822 1291 Csanadiensis‚

342 1308 460 1353 atque
497 1302 574 1341 sub
610 1301 775 1341 nomine
819 1300 1036 1352 Legendae
1074 1298 1246 1352 maj0ris
1290 1299 1476 1352 vulgavit
1511 1301 1822 1339 eruditissimus

344 1361 548 1411 quondam
576 1358 990 1398 Transilvanensium
1022 1358 1207 1397 Antistes
1239 1356 1387 1397 Comes
1414 1357 1700 1410 Batthyanius.
1735 1357 1824 1398 Co-

344 1417 447 1456 dicis
483 1414 608 1470 bujus
651 1416 831 1467 scriptor
873 1415 928 1453 ita
967 1427 1142 1466 suppar,
1183 1420 1225 1453 ut
1254 1413 1430 1453 Juvenis
1470 1416 1663 1454 Sanctum
1699 1427 1824 1454 nosse

344 1474 540 1525 potuerit,
586 1473 800 1523 sequentia
833 1472 972 1511 habet:
1017 1471 1179 1519 „Alba
1211 1469 1352 1523 (Aba)
1386 1471 1573 1511 Comes
1604 1471 1825 1520 Palatii,

347 1529 597 1584 „dejecto
629 1530 802 1579 Petro,
836 1528 1072 1581 regalem
1107 1527 1390 1577 Coronam,
1423 1535 1474 1568 et
1506 1528 1696 1568 Aulam
1729 1529 1823 1568 Re-

347 1589 514 1641 „giam
547 1587 650 1627 sibi
682 1587 1010 1638 usurpavit“
1064 1585 1115 1638 f).
1151 1585 1334 1632 Quocum
1367 1586 1745 1638 LegendariiVion
1788 1590 1825 1633 8)

346 1646 496 1685 Surius
538 1645 599 1697 h),
632 1645 725 1684 dein
753 1644 969 1684 Pelbartus
993 1643 1334 1692 Temesvarinus‚
1366 1643 1537 1683 celebris
1570 1649 1699 1683 aetate
1726 1643 1824 1684 Ma—

346 1703 453 1742 thiae
475 1703 507 1745 1.
544 1702 669 1754 Regis
692 1702 932 1754 Theologus
985 1699 1028 1749 ἰ),
1060 1700 1111 1738 ad
1135 1700 1335 1740 amussim
1359 1701 1619 1740 conveniunt.

230 1789 336 1845 ss³⁸⁰4)
369 1790 531 1829 Primae
554 1787 718 1826 illarum
742 1800 765 1825 a
791 1786 1012 1838 Ganoczyo
1036 1785 1168 1825 editae
1209 1786 1271 1839 k)‚
1304 1785 1512 1825 continent
1529 1785 1827 1832 fundationem,

345 1846 686 1896 donationemque
716 1843 915 1884 Abbatiae
942 1843 1267 1896 Tihanyiensis,
1309 1856 1331 1882 a
1375 1842 1541 1882 laudato
1577 1845 1743 1884 Andrea
1773 1844 1828 1882 Αο

343 1904 466 1945 1055.
507 1902 745 1955 perfectam,
787 1901 855 1940 ubi
887 1901 994 1940 inter
1027 1908 1268 1952 praesentes
1311 1906 1437 1939 testes
1478 1913 1646 1940 numero
1693 1901 1828 1940 unde-

345 1960 494 2014 viginti
526 1960 786 2009 subscriptos
827 1958 990 2009 signum
1023 1958 1189 1996 Zache
1222 1971 1311 1996 cum
1336 1957 1613 1997 additamento
1646 1956 1826 1997 Comes

344 2017 548 2059 Palatii
590 2022 729 2066 aperte
762 2015 929 2054 visitur.
990 2015 1051 2053 Ad
1105 2013 1274 2053 alteram
1328 2013 1625 2061 Donationem,
1677 2014 1826 2064 quippe

346 2075 513 2115 biennio
561 2072 860 2124 posteriorem,
905 2071 955 2109 ab
992 2071 1083 2121 ipso
1128 2071 1341 2109 Radone
1386 2069 1635 2110 Palatino
1677 2072 1825 2110 Sancto

344 2134 468 2173 Petro
493 2131 682 2181 Quinque
700 2127 951 2168 Ecclesiensi
982 2127 1142 2174 factam,
1174 2140 1219 2166 ac
1243 2127 1418 2166 subinde
1453 2127 1630 2178 publicis
1663 2127 1704 2166 in
1740 2127 1827 2167 Co-

346 2190 473 2229 mitiis
497 2187 626 2228 Albae
651 2186 801 2239 Regiae
834 2185 1061 2224 solenniter
1095 2184 1394 2233 confirmatam,
1440 2184 1635 2236 superius
1668 2197 1827 2236 provo-

346 2247 437 2288 cavi
469 2245 562 2300 (6)

272 2379 305 2418 ³)
332 2383 376 2413 D.
403 2381 440 2412 L.
467 2381 510 2412 ΙΙ.
538 2379 571 2411 in
598 2378 747 2421 praefat.

271 2429 306 2462 b)
333 2429 443 2468 lulag.
471 2436 587 2458 novae
612 2426 731 2463 flung.
760 2424 798 2458 C.
826 2425 858 2456 1.
886 2422 915 2465 §-
942 2425 998 2457 73.

272 2474 306 2513 c)
333 2476 442 2514 Quem
470 2474 538 2505 vid.
565 2474 598 2505 in
625 2472 767 2503 collect.
795 2471 1068 2504 Schwandtuer.
1096 2481 1114 2503 a
1139 2471 1240 2504 Belio
1267 2470 1349 2502 edit.
1374 2470 1413 2501 T.
1439 2470 1470 2502 2.

272 2519 307 2562 d)
335 2521 430 2561 Orig.
458 2523 578 2551 exstat
605 2519 638 2549 in
666 2521 786 2549 monte
811 2519 970 2551 Pannon.
999 2519 1070 2559 cuj.
1097 2528 1174 2560 cop.
1202 2521 1315 2560 praet.
1352 2516 1442 2548 alios
1481 2515 1600 2548 edidit.
1647 2515 1828 2548 Chrisust.

337 2566 463 2599 Novak
492 2567 526 2597 iu
553 2565 693 2596 Vindio.
722 2565 873 2604 Diploni.
902 2566 1025 2606 steph.

274 2621 305 2649 e)
333 2615 433 2646 Cous.
464 2613 541 2644 Kat.
568 2612 662 2643 Hist.
690 2611 769 2643 crit.
796 2613 883 2652 fleg.
909 2612 1024 2653 Huug.
1052 2613 1094 2645 Τ.
1123 2613 1147 2643 1.
1176 2621 1204 2649 p.
1233 2611 1287 2643 68.
1313 2614 1348 2642 et
1372 2619 1449 2650 seq.

275 2661 303 2701 s)
333 2661 487 2701 Scripta,
515 2662 550 2691 et
577 2660 655 2690 Act.
684 2658 719 2690 S.
747 2658 902 2690 Gerardi
928 2668 1009 2691 cum
1039 2658 1134 2692 serie
1160 2658 1280 2700 Episc.
1310 2656 1462 2690 Chanad,
1491 2664 1509 2687 a
1527 2652 1718 2688 Baithanio
1745 2653 1827 2686 edit.

338 2718 371 2750 p.
397 2707 476 2740 343.

274 2754 309 2790 a)
336 2755 372 2787 C.
401 2755 457 2787 17.

274 2802 311 2837 ¹¹)
340 2802 378 2834 C.
405 2802 440 2834 6.

275 2848 312 2886 ἱ)
341 2851 378 2880 lu
405 2849 547 2879 Pomer.
572 2845 687 2876 Serm.
713 2845 755 2876 de
783 2844 904 2876 sanct.
933 2843 1030 2875 Patr.
1059 2847 1115 2876 est
1141 2852 1250 2875 serm.
1277 2843 1332 2875 66.
1360 2842 1438 2875 sub.
1465 2841 1532 2874 Lu.
1560 2840 1599 2873 E.

277 2894 311 2936 k)
338 2897 377 2928 ln
403 2894 562 2927 Dissert.
589 2891 632 2925 (le
659 2892 696 2925 S.
721 2890 839 2924 Ladis.
866 2900 897 2931 p.
923 2891 956 2922 9.
