1941 3143
153 90 217 136 60

152 202 377 262 dignitate
417 198 594 256 fuisse,
633 203 796 253 enata,
838 208 991 256 neque
1032 193 1242 252 ignorem
1280 192 1575 253 Anonymum
1602 205 1736 238 com-

151 270 350 333 plurium
383 268 466 316 sub
504 265 695 328 Arpado
739 265 913 310 fecisse
951 261 1217 307 memoriam
1260 259 1328 317 ²).
1367 273 1559 320 quorum
1598 260 1738 322 aliqui

156 337 359 393 fuerint.
397 350 490 382 non
534 334 707 380 fuerint
746 330 951 377 haeredii
1001 325 1134 373 titulo
1182 326 1411 384 Ducibus,
1462 327 1540 373 vel
1593 327 1739 389 Capi-

154 407 306 452 taneis
337 404 510 459 donati.
539 401 615 446 alii
643 400 698 446 ad
734 396 1082 459 gubernandum
1110 394 1329 441 duntaxat
1355 396 1596 454 assignati,
1632 396 1740 457 ple-

154 486 407 534 rorumque
446 477 647 515 attamen
685 467 1052 518 institutionem,
1092 470 1220 509 certe
1257 463 1506 508 rectiorem
1546 464 1742 509 coordi-

155 544 392 589 nationem
441 539 589 599 primo
639 535 760 595 Regi
798 540 962 580 nostro
1004 531 1190 588 deberi,
1247 537 1467 577 constans
1519 531 1744 579 docuerat

157 609 359 656 traditio.

216 689 264 743 ὃ1)
296 688 376 728 Pro
408 684 592 736 exemplo
625 688 687 723 est
726 682 920 734 Diploma
961 680 1193 733 percelebre
1238 680 1496 720 Monasterio
1539 680 1579 720 in
1612 687 1747 722 monte

276 743 512 786 Pannoniae
556 743 718 788 datum,
771 740 811 779 in
856 752 934 791 quo
982 738 1234 788 „volente
1275 760 1329 767 —
1362 738 1419 776 ait
1450 763 1502 768 —
1536 737 1748 778 comite

276 802 526 854 „quodam
576 796 957 849 Siimeghiensi
1013 802 1246 847 paterna
1294 808 1365 834 me
1409 795 1534 834 sede
1567 795 1746 846 depel-

276 860 440 909 ‚,lere“
491 855 563 894 Vel
604 854 776 894 alterum
833 853 1024 892 collatum
1071 851 1277 891 Ecclesiae
1330 851 1657 902 Veszprimiensi
1702 854 1751 891 de

276 913 505 959 A01009.‚
547 913 722 951 innuens
773 909 990 958 „Villam
1026 921 1165 948 unam
1214 909 1262 947 in
1311 907 1753 958 Veszprimiensi

279 972 574 1017 Comitem,
606 975 717 1008 tres
751 968 799 1007 in
832 966 1054 1007 Albensi
1088 965 1373 1004 existere.“

893 1055 939 1109 ς.
981 1055 1058 1100 52.

572 1144 822 1189 Numerus
865 1139 1195 1184 Comizatmcm
1236 1136 1365 1183 olim.

305 1243 558 1290 Numerum
585 1237 892 1286 Comitatuum
933 1234 1168 1280 diversum
1205 1249 1290 1295 pro
1328 1241 1566 1296 tempore,
1606 1249 1758 1295 quan-

170 1321 245 1360 tus
284 1310 492 1373 quolibet
528 1320 698 1368 reapse
736 1304 904 1359 fuerit.
957 1302 1217 1362 disquirere
1268 1302 1323 1348 ad
1358 1309 1571 1348 veterem
1608 1302 1760 1362 Regni

174 1378 518 1440 Geographiam
559 1375 776 1436 pertinet.
817 1369 1070 1416 Variabant
1110 1371 1229 1414 enim
1271 1369 1326 1414 de
1364 1369 1454 1414 hoc
1494 1370 1761 1431 Scriptores

170 1447 506 1501 vehementer7
559 1456 663 1488 nam
713 1440 820 1485 Otto
871 1437 1188 1496 FriSIngensis
1241 1438 1535 1498 septuaginta
1577 1443 1624 1481 et
1660 1452 1763 1482 am-

171 1517 293 1579 plius
334 1513 406 1570 ι’);
446 1510 711 1557 Ludovicus
751 1506 937 1552 Tubero
981 1506 1050 1550 sui
1090 1506 1314 1566 temporis
1357 1504 1680 1550 Comentarius
1722 1505 1762 1562 ο)

172 1584 320 1642 magis
349 1580 653 1626 determinate
681 1589 783 1620 cum
808 1573 1017 1632 Rogerio
1061 1569 1104 1629 d)
1134 1573 1429 1632 septuaginta
1458 1572 1574 1619 duos
1593 1571 1766 1617 habere

175 1651 458 1708 Hungariam
485 1644 757 1704 adscripsit;
797 1640 993 1686 eundem
1032 1654 1270 1684 numerum
1312 1642 1359 1686 in
1385 1639 1583 1701 quodam
1610 1639 1767 1700 diplo-

174 1724 297 1765 mate
333 1715 476 1761 Belae
517 1711 606 1757 IIIii
648 1724 732 1772 per
770 1708 1003 1766 Fejerium
1038 1707 1229 1767 vulgato
1273 1709 1312 1766 ⁰)
1353 1707 1524 1768 defigit.
1572 1706 1769 1753 Tardior

176 1786 248 1831 his
278 1789 430 1829 aetate
456 1779 749 1826 Verboczius
790 1778 877 1832 iis.)
928 1776 1004 1836 qui
1043 1775 1180 1821 modo
1233 1777 1371 1821 etiam
1407 1778 1630 1832 existunt,
1667 1773 1770 1820 Ko-

177 1855 408 1906 viensem7
433 1847 788 1900 Haranienseim
832 1843 1214 1900 Severinensem,
1256 1843 1624 1899 Valkonensem,
1662 1842 1771 1904 plu-

178 1932 352 1979 resque
392 1915 602 1973 adjungit
646 1911 701 1970 f).
741 1910 836 1956 Alii
868 1910 1003 1965 alios.
1041 1910 1199 1970 plures
1226 1913 1476 1971 pauciores
1502 1915 1769 1955 recensent.

185 1986 305 2043 Quid
336 1985 497 2029 mirum
533 1984 705 2040 itaque,
747 1979 785 2023 si
825 1992 912 2023 nec
937 1976 1067 2022 Belio
1112 1975 1173 2033 ὅ),
1214 1991 1300 2022 nec
1330 1978 1511 2022 Timoni
1552 1975 1615 2034 1Ἴ,
1642 1976 1773 2021 Ben-

186 2055 316 2100 zurio
365 2050 419 2109 ἦ).
458 2049 610 2109 Prayo
651 2045 710 2104 ¹³).
752 2043 958 2090 Kollario
1008 2043 1042 2102 ¹)
1094 2043 1149 2088 de
1182 2042 1268 2089 hac
1301 2059 1352 2089 re
1393 2046 1505 2089 satis
1537 2045 1774 2099 convenit,

188 2129 235 2168 et
257 2133 399 2180 saepe
438 2130 521 2178 pro
549 2116 683 2173 regni
712 2111 1014 2159 Comitatibus
1042 2112 1241 2158 ditiones
1276 2113 1429 2168 etiam,
1457 2117 1775 2172 terrarumque

187 2194 363 2236 tractus
389 2182 617 2243 ejusmodi
646 2196 670 2226 a
699 2180 932 2227 nonnullis
970 2187 1305 2241 proponantur,
1347 2193 1462 2240 quos
1498 2179 1577 2225 vel
1616 2180 1778 2240 Arpa-

193 2257 277 2304 dus
305 2253 468 2309 adhue7
507 2256 553 2296 et
591 2249 931 2310 subsequentes
957 2246 1112 2293 Duces
1154 2247 1314 2294 Gentis
1350 2247 1630 2295 Prinioribus
1659 2260 1779 2309 pos-

233 2382 268 2424 a)
297 2385 505 2422 Anonymus
531 2378 568 2411 C.
597 2379 650 2411 12.
679 2378 734 2410 15.
762 2375 816 2408 18.
843 2378 879 2407 et
903 2373 960 2407 3'4.

233 2430 269 2469 ¹³)
296 2430 389 2461 nist.
416 2426 512 2459 Frid.
540 2426 626 2466 lmp.
653 2425 690 2456 L.
717 2424 746 2456 1.
775 2422 813 2454 C.
842 2423 898 2456 31.
925 2431 958 2463 p.
984 2420 1062 2453 212.

233 2476 266 2517 c)
307 2477 346 2508 L.
370 2473 402 2506 4.
428 2471 455 2513 ᾗ.
483 2471 538 2505 10.

234 2522 267 2565 d)
294 2521 422 2555 Miser.
448 2519 565 2551 Carm.
594 2515 690 2548 Clad.
716 2514 816 2548 Tart.
842 2512 881 2545 C.
907 2512 962 2545 10.

240 2569 270 2610 0)
297 2568 382 2601 Cod.
409 2565 503 2607 Dipl.
527 2565 567 2596 T.
595 2562 627 2595 3.
655 2571 686 2603 p.
711 2561 791 2593 217.

236 2615 270 2656 f)
300 2614 402 2647 Conf.
429 2612 534 2652 corp.
560 2610 639 2641 Jur.
664 2609 702 2641 P.
727 2607 759 2640 2.
785 2605 908 2639 adnex.
936 2603 1069 2645 Syllab.
1095 2602 1222 2638 Comit.

236 2662 272 2700 ε)
298 2662 379 2694 Not.
405 2660 519 2697 flung.
550 2664 677 2688 novae.

234 2709 273 2743 h)
299 2709 408 2745 lmag.
434 2705 552 2745 Huug.
582 2710 707 2733 novae.

239 2753 275 2793 ἰ)
302 2756 341 2786 ln
366 2753 447 2785 Not.
475 2750 518 2782 ad
547 2748 681 2780 Christ.
707 2746 797 2785 Aug.
825 2746 933 2779 Beck.
958 2746 1034 2780 Jus.
1062 2746 1142 2789 pub.
1170 2745 1286 2786 Hung.

240 2799 277 2838 l¹)
305 2800 388 2833 Not.
413 2805 537 2840 praev.
563 2795 604 2826 ad
632 2794 724 2826 Hist.
752 2792 868 2833 Hung.

242 2846 277 2891 1)
304 2848 344 2881 ln
369 2846 519 2880 Amoeu.
542 2842 636 2878 Hist.
664 2843 699 2876 et
723 2840 800 2875 Jur.
827 2837 922 2879 publ.
