1941 3143
191 83 253 129 72

189 208 279 254 que
305 194 543 240 continuo.
584 194 718 241 Neve
753 197 918 242 iterum
953 195 1009 241 ad
1046 197 1281 244 anteriora
1322 200 1672 259 regrediamur,
1710 203 1789 249 vel

187 261 477 323 inauguralia
510 262 703 310 Comitia
739 264 1010 325 eisdemque
1037 265 1283 323 conjuncta
1311 267 1604 327 Hungaricae
1629 268 1786 316 Coro-

189 331 392 377 nationis
449 331 662 378 solennia
721 334 761 391 ³⁸)
828 331 1253 393 Habsburgicorum
1301 336 1588 397 Principum7
1639 352 1787 398 usque

186 398 443 462 Josephum
474 399 508 446 I.
542 399 662 446 haud
696 401 958 463 interrupte
997 401 1295 450 manifestant
1335 403 1396 462 ¹³).

903 500 951 556 ἓ.
992 502 1069 547 75.

738 585 889 643 Οτζίηε
927 576 1256 635 τήεοηῑηῑοιίἱτ.

323 665 397 711 Ad
422 664 616 726 grandia
643 667 796 730 itaque
825 670 960 730 hujus
989 672 1351 733 praeelectionis
1377 673 1665 720 incommoda
1697 690 1788 722 an-

189 734 484 792 tevertenda‚
525 742 571 781 et
605 741 883 798 praesertim
923 739 980 787 01)
1016 740 1278 801 Interregni
1306 749 1492 790 metum.
1533 744 1666 801 cujus
1708 742 1789 789 fu—

187 809 347 849 nestas
402 802 622 863 sequelas
669 805 906 867 Hungaria
958 807 1077 854 haud
1127 810 1272 855 semel
1326 812 1526 854 omnium
1583 813 1781 857 maxime

186 878 419 927 senserat.
459 871 618 931 Reges
664 889 687 918 a
717 874 1013 921 Ferdinando
1057 876 1088 922 Ι.
1133 891 1281 937 usque
1319 876 1573 937 Josephum
1613 877 1645 921 Ι.
1675 881 1785 923 uni—

183 940 313 986 versi
338 941 434 985 vita
460 941 629 986 comite
670 941 790 988 filios
833 945 1192 1005 primogenitos.
1232 945 1311 989 vel
1345 944 1577 989 haeredes
1615 947 1786 1005 proxi-

184 1022 285 1054 mos
333 1011 551 1053 coronari
577 1018 970 1069 procuraverunt,
1009 1011 1326 1072 praecedente
1350 1026 1536 1073 semper
1555 1010 1786 1059 Comitio-

181 1090 282 1121 rum
309 1090 525 1132 assensu,
565 1079 726 1137 specie
754 1078 951 1138 quadam
984 1078 1232 1123 electionis
1264 1079 1515 1137 declarata.
1555 1080 1680 1141 quod
1725 1096 1785 1126 ex

180 1143 441 1191 Annalibus
478 1145 662 1203 iterum,
702 1152 749 1191 et
775 1145 959 1207 legibus
985 1148 1199 1208 patescit.

935 1281 943 1289 .
986 1247 1063 1293 76.

742 1328 843 1375 Sub
882 1246 1149 1389 {copoldo
1188 1332 1224 1377 I.

315 1409 475 1456 Fuerit
510 1412 804 1472 quantumvis
844 1411 935 1458 hoc
963 1420 1273 1475 opportunum
1301 1416 1519 1476 tempori.
1557 1420 1604 1461 et
1631 1429 1779 1478 scopo

179 1478 464 1536 remedium,
501 1494 666 1525 verum
708 1481 875 1526 incerti
911 1489 1125 1528 eventus.
1199 1482 1412 1528 Pericula
1466 1485 1638 1529 etenim
1677 1485 1780 1530 solo

181 1547 366 1593 delectu
391 1548 527 1593 unius
555 1562 580 1592 e
607 1547 814 1608 pluribus
841 1548 987 1610 Regis
1024 1549 1129 1596 filiis
1156 1565 1448 1612 nequaquam
1474 1552 1659 1612 integre
1687 1551 1778 1599 de-

180 1615 359 1671 clinari7
396 1617 558 1675 augeri
584 1619 759 1676 potius,
800 1618 839 1662 si
866 1625 1035 1664 exorto
1074 1619 1223 1678 litigio
1266 1625 1458 1680 serpant
1503 1619 1780 1678 simultates,

178 1689 256 1728 aut
280 1682 419 1743 plane
447 1696 612 1744 sparso
641 1683 697 1729 de
724 1684 951 1731 industria
991 1687 1113 1732 inter
1140 1686 1336 1732 Liberos
1377 1686 1554 1747 Regios
1593 1687 1783 1734 discor-

178 1751 354 1797 diarum
381 1749 543 1797 fomite
570 1752 616 1797 in
638 1758 851 1814 apertam
883 1754 1130 1815 aliquando
1158 1754 1386 1801 bellorum
1414 1755 1618 1802 civilium
1644 1754 1781 1801 flam-

176 1834 293 1865 mam
321 1826 638 1880 erumperent„
678 1824 1039 1882 praeteritorum
1065 1823 1289 1869 malorum
1314 1823 1646 1870 recordatione
1688 1830 1778 1869 tam

177 1887 351 1932 clarum
378 1889 547 1945 evasit,
575 1891 973 1950 praegnantisque
1002 1891 1412 1947 considerationiS.
1450 1899 1499 1936 ut
1523 1892 1586 1936 A⁰
1634 1892 1775 1938 1687.

174 1955 466 2015 Regnicolae
498 1955 706 2015 legitime
739 1959 1047 2017 congregati,
1103 1957 1328 2017 abrogato
1362 1957 1608 2004 electionis
1650 1959 1776 2016 jure,

176 2023 467 2086 sponderent
498 2022 740 2084 Leopoldo
771 2023 823 2082 I..
865 2024 922 2070 ob
956 2024 1199 2086 depulsum
1226 2026 1577 2072 Ottomanorum
1619 2025 1773 2072 domi-

174 2099 348 2149 natum,
392 2091 448 2137 de
475 2089 711 2151 Hungaria
739 2094 985 2152 insigniter
1012 2096 1176 2139 merito
1194 2127 1205 2149 ‚
1248 2108 1299 2139 se
1326 2108 1419 2139 non
1447 2094 1601 2151 alium,
1643 2109 1777 2154 quam

176 2163 253 2221 qui
282 2159 598 2206 Caesaris
636 2160 867 2206 virilis
907 2175 1105 2207 sexus
1132 2161 1475 2221 legitimus
1504 2161 1778 2207 descen-

176 2229 353 2287 dens,
393 2227 691 2288 idemque
743 2230 1231 2290 primogenitus
1271 2228 1503 2287 fuerit.
1557 2232 1603 2276 in
1639 2243 1776 2275 omne

175 2303 443 2344 secuturum
485 2303 666 2357 tempus
716 2295 896 2357 Regem
938 2312 1068 2344 suum
1124 2313 1179 2343 ao
1219 2297 1465 2344 Dominum
1515 2299 1773 2358 agnituros.

172 2366 301 2413 Idem
322 2368 418 2426 J'us‚
460 2364 716 2425 eademque
742 2368 943 2419 ratione„
983 2369 1027 2412 in
1056 2380 1167 2412 casu
1196 2365 1455 2412 deficientis
1482 2365 1628 2426 prolis
1645 2378 1776 2410 mas-

175 2435 334 2493 culae,
400 2432 456 2480 ad
487 2440 599 2480 natu
636 2436 882 2480 maximum
922 2434 1142 2481 Familiae
1181 2433 1556 2494 Habsburgicae‚
1594 2440 1704 2480 tunc
1729 2435 1776 2479 in

173 2504 396 2566 Hispania
446 2503 739 2564 superstitis,
804 2510 1049 2550 extensum
1103 2510 1218 2550 erat.
1283 2501 1430 2563 Igitur
1476 2500 1568 2548 hoo
1624 2503 1773 2563 primo

211 2632 244 2667 a)
275 2632 376 2672 Disq.
402 2631 495 2664 Hist.
525 2631 567 2663 de
595 2632 701 2664 modo
730 2639 875 2675 conseq.
903 2643 1030 2666 summ.
1058 2635 1143 2674 Imp.
1172 2634 1204 2666 in
1232 2633 1349 2674 Hung.
1375 2629 1403 2673 §.
1430 2631 1485 2665 71.
1512 2643 1544 2674 p.
1575 2631 1652 2664 161.

209 2678 244 2720 b)
274 2678 365 2710 Vide
402 2679 492 2710 Dec.
527 2679 588 2710 IV.
631 2679 674 2711 de
709 2681 759 2711 Ao
801 2681 902 2713 1572.
937 2684 1016 2713 Art.
1051 2682 1082 2713 2.
1119 2682 1207 2713 Dec.
1237 2682 1255 2712 5
1292 2681 1334 2712 de
1362 2681 1412 2711 Ao
1455 2680 1545 2711 1572
1580 2680 1656 2710 Art.
1682 2678 1706 2710 l.
1741 2686 1772 2710 v.

273 2725 355 2765 Dip.
382 2725 503 2765 lnaug.
531 2726 635 2757 Fen-d.
663 2727 712 2758 111
739 2726 781 2758 de
810 2729 857 2758 Αυ
901 2728 990 2760 1618
1018 2728 1143 2759 insert.
1178 2729 1261 2758 Dec.
1293 2727 1381 2758 Anni
1418 2726 1518 2758 1622.
1558 2725 1659 2757 1625.
1698 2724 1774 2756 Art.

275 2771 305 2802 3.
333 2775 369 2802 ct
397 2772 476 2812 Dip.
507 2772 626 2808 inaug.
664 2773 771 2804 Ferd.
805 2775 863 2805 111.
892 2776 979 2807 Dec.
1021 2776 1044 2806 Ι.
1075 2772 1113 2805 Αἰ
1168 2774 1265 2806 1638.
1294 2776 1369 2805 Art.
1408 2776 1435 2804 1.
1462 2773 1589 2804 insert.
1616 2769 1645 2811 §.
1674 2774 1702 2803 1.
1731 2788 1771 2793 -—

274 2818 380 2851 Ferd.
404 2819 464 2850 111.
487 2819 572 2850 Dec.
600 2818 658 2850 lV.
687 2818 729 2852 Αἰ
783 2822 881 2854 1655.
910 2824 986 2854 Art.
1014 2822 1043 2854 2.
1069 2825 1105 2854 et
1131 2821 1212 2862 Dip.
1241 2821 1360 2861 inaug.
1387 2820 1494 2861 Leop.
1520 2819 1555 2850 iu
1582 2818 1665 2850 illus
1682 2818 1771 2849 Dec.

274 2865 300 2897 1.
331 2865 425 2898 Anni
452 2863 542 2899 1659
569 2866 647 2899 Art.
670 2866 695 2900 1.
