1941 3143
215 94 311 140 216

213 207 396 263 vineiS,
445 221 650 268 pascue,
688 206 916 253 interdum
958 207 1188 269 separatis
1230 208 1368 255 etiam
1411 206 1559 256 silvis.
1611 207 1692 255 111.
1731 209 1807 255 Ad

215 287 407 319 cousum
437 274 669 320 fructuum
701 275 988 322 silvestrIum
1008 310 1020 332 ,
1051 282 1127 324 et„
1152 275 1226 321 ubi
1257 275 1482 322 hactenus
1512 279 1804 337 praevigue-

212 348 310 399 rat,
351 339 406 386 ad
432 341 665 401 lignorum
691 341 938 399 localium,
978 349 1025 388 et
1056 342 1271 389 aedilium
1301 343 1594 398 beneficium,
1620 344 1805 388 tametsi

214 409 363 455 silvae
388 411 432 454 in
450 411 758 470 possessione
788 409 1013 455 duntaxat
1030 410 1213 456 Domini
1232 413 1560 457 consisterent.
1586 411 1663 457 IV.
1688 410 1803 456 Tum

213 475 430 531 educilli,
470 476 962 536 glandinationisque,
1009 479 1143 535 juxta
1183 480 1518 541 praescriptam
1557 477 1802 538 regulam3

212 544 314 589 aliis
343 542 613 604 quibusdam
641 551 891 604 praeterea
925 543 1182 591 favoribus.

913 643 961 698 ξ.
1003 644 1113 689 312.

394 724 925 784 Prae-stationibusque
959 725 1134 771 stabile·
1166 740 1347 772 norma
1386 725 1609 781 definitis.

344 806 435 851 Pro
472 805 544 852 his
584 807 793 852 vicissim
828 805 1153 868 obligabantur
1190 815 1433 869 praestare
1472 807 1671 853 Domino
1715 822 1800 854 suo

213 876 253 918 1.
284 873 566 919 Domiciliati
597 888 786 920 censum
814 889 1012 920 annuum
1039 875 1284 921 admodum
1312 874 1495 919 exilem.
1536 875 1580 920 2.
1621 873 1802 920 Nonam

209 955 270 985 ex
298 940 526 1000 frugibus,
567 948 613 986 et
648 943 759 988 vino
799 943 897 988 suis
933 944 977 986 in
1019 941 1174 987 fundis
1213 946 1496 1002 procreatO,
1536 954 1802 1002 operasque

209 1007 556 1065 determinatas,
596 1008 680 1053 sed
711 1023 829 1068 quae
861 1015 1098 1069 nequeunt
1128 1009 1315 1067 augeri,
1353 1006 1433 1054 vel
1476 1022 1576 1053 cum
1623 1008 1802 1054 Rustici

207 1077 477 1134 gravamine
509 1076 642 1120 alteri
675 1075 867 1132 elocari,
907 1075 1078 1121 autillo
1106 1075 1383 1132 reluctante,
1410 1076 1454 1120 in
1486 1075 1619 1120 aliam
1651 1090 1803 1137 prae-

206 1144 423 1189 stationis
446 1143 653 1203 speciem
683 1143 923 1198 converti3
960 1142 1109 1188 verbo
1139 1143 1183 1188 3.
1223 1142 1404 1188 Nullam
1434 1150 1622 1203 praeter
1657 1156 1802 1204 prae-

205 1211 345 1256 missa
376 1211 568 1256 servitia
598 1222 681 1254 seu
711 1209 998 1271 personalia,
1038 1211 1141 1257 sive
1165 1209 1325 1260 realia,
1349 1210 1428 1257 vel
1456 1209 1563 1255 alibi
1589 1209 1800 1256 locorum

204 1278 374 1337 vigens
419 1276 697 1323 laudemium
733 1278 928 1336 exigere
967 1279 1200 1338 integrum
1236 1276 1335 1323 fuit.
1386 1277 1609 1332 Quamvis
1650 1284 1802 1323 autem

206 1344 364 1402 fundi,
404 1359 539 1406 quem
584 1344 823 1402 incolunt,
863 1346 1208 1406 excoluntque,
1246 1346 1581 1406 proprietatem
1615 1344 1801 1390 Domini

208 1415 446 1457 terrestris
486 1412 645 1472 leges,
684 1419 840 1458 cotum
882 1413 1108 1474 perlatae,
1146 1415 1464 1473 pronuntient,
1504 1411 1801 1458 nihilominus

209 1479 256 1525 hi
277 1479 332 1525 ab
358 1479 520 1525 iisdem
550 1493 798 1540 nunquam,
835 1482 926 1526 nisi
965 1479 1022 1525 oh
1051 1493 1238 1525 causam
1267 1481 1449 1524 unicam
1479 1479 1684 1525 disertim
1707 1492 1800 1524 ex-

208 1560 422 1608 pressam
462 1545 519 1608 ⁸),
557 1553 604 1592 et
632 1553 741 1592 tunc
769 1561 954 1609 quoque
990 1548 1178 1593 nonnisi
1208 1545 1402 1591 authore
1428 1545 1653 1592 Praetore
1686 1560 1799 1604 erga

209 1615 393 1676 plenam
433 1614 866 1660 indemnisationem
906 1615 1069 1670 adimi,
1131 1613 1209 1660 vel
1253 1616 1367 1659 citra
1414 1612 1720 1674 aequivalens
1754 1615 1799 1657 in

210 1681 329 1728 alios
374 1683 627 1743 permutari
668 1681 994 1738 admittuntur,
1045 1695 1187 1742 super
1229 1680 1392 1741 quibus
1436 1679 1798 1740 obligationibus

209 1750 377 1795 mutuis
416 1747 610 1794 liberum
654 1748 837 1810 quidem
868 1750 1080 1794 relictum
1117 1747 1295 1804 fuerat,
1345 1755 1613 1794 contractus
1651 1747 1797 1792 forma

208 1817 349 1877 legali
375 1817 432 1862 ad
460 1823 657 1877 tempus,
695 1816 773 1862 vel
809 1819 855 1862 in
889 1822 1164 1877 perpetuum
1194 1815 1397 1871 ineundi,
1435 1830 1620 1877 semper
1647 1822 1797 1860 tamen

209 1886 397 1930 nonnisi
423 1884 543 1943 legis
572 1885 848 1944 provisione
873 1898 959 1944 pro
991 1883 1184 1930 subditis
1222 1882 1530 1939 faventiores,
1569 1895 1797 1943 nunquam

210 1958 361 1998 autem
400 1952 648 2011 graviores
690 1949 745 2011 ¹²).

911 2033 957 2086 §.
1000 2033 1111 2078 313.

773 2114 932 2161 Multo
972 2129 1032 2160 ac
1069 2125 1229 2160 antea.

348 2199 501 2256 Absit,
538 2205 588 2244 ut
629 2197 922 2255 contendam,
960 2196 1072 2243 nihil
1102 2196 1275 2252 fuisse,
1315 2194 1439 2257 quod
1481 2194 1677 2241 colonus
1714 2208 1798 2241 seu

207 2283 293 2329 pro
338 2274 487 2314 status
527 2267 598 2312 sui
640 2266 908 2311 conditione
958 2271 1120 2324 optare
1164 2269 1437 2325 praeterea,
1486 2262 1565 2309 vel
1610 2263 1666 2308 de
1704 2276 1795 2324 quo

208 2336 456 2381 retroactis
487 2333 570 2379 sub
598 2333 791 2394 epochis
823 2347 915 2377 non
941 2332 1047 2389 jure
1079 2333 1303 2392 conqueri
1332 2329 1578 2392 aliquando
1608 2332 1797 2391 potuis-

209 2410 307 2458 set3
345 2401 436 2447 hoc
471 2408 622 2446 tamen
659 2402 859 2447 veritate
903 2399 1018 2444 duce
1063 2399 1260 2445 fidenter
1300 2400 1526 2454 enuncio,
1576 2397 1682 2442 illos
1721 2397 1796 2456 qui

210 2476 383 2516 sortem
418 2469 691 2513 colonorum
726 2469 769 2512 in
804 2466 1038 2526 llungaria
1077 2468 1305 2513 aterrimis
1338 2466 1590 2526 depingunt
1615 2464 1796 2510 colori-

208 2535 310 2593 bus,
349 2543 395 2581 et
422 2535 477 2580 ad
501 2542 723 2592 nostram,
761 2535 1036 2596 Patrumque
1061 2536 1327 2580 memoriam
1356 2547 1443 2579 nos
1471 2532 1527 2576 de
1555 2531 1796 2577 inhumana

210 2603 374 2649 duritie
404 2604 623 2647 continuo
665 2617 888 2649 accusare
918 2602 1172 2647 adhucdum
1210 2616 1303 2648 non
1343 2600 1574 2657 desinunt,
1611 2600 1795 2645 nimium

210 2673 477 2726 exstitisse,
529 2676 810 2731 exstareque
859 2672 1114 2729 injuriosos
1151 2668 1217 2732 ἦ).
1272 2667 1579 2728 Ignorabatur
1627 2669 1794 2727 quippe

204 2769 449 2776 .-.--.--,,,-.,Ϋ

248 2799 278 2839 a)
304 2801 342 2832 P.
366 2801 409 2832 ιι.
435 2800 519 2831 nun.
545 2796 602 2831 40.

247 2844 280 2887 b)
309 2847 390 2879 Vid.
411 2846 526 2878 instar
548 2845 705 2877 omnium
733 2845 833 2878 1836.
854 2846 885 2877 8.
