1941 3143
1647 120 1704 167 61

134 230 471 293 perativarum,
512 240 626 290 quas
668 229 763 275 suis
804 228 970 276 dabant
1005 228 1364 277 Jurisdictiones
1400 228 1708 278 Committen-

135 298 282 355 tibus,
322 312 374 343 ac
412 297 490 344 vel
532 295 654 358 quod
691 297 770 343 lex
796 298 915 344 adsit
957 299 1026 357 ⁸),
1067 312 1184 360 quae
1224 299 1342 345 istos
1363 297 1525 356 jubeat
1551 301 1597 345 in
1622 313 1707 345 re-

136 365 226 424 ditu
253 379 363 411 suae
400 365 650 425 legationis
688 365 963 411 relationem
989 365 1148 412 facere
1170 399 1182 423 ,
1219 380 1303 412 eos
1347 365 1482 412 simul
1508 365 1565 411 ad
1589 365 1708 412 hanc

136 432 414 493 sequendam
455 432 706 492 obligasse.
744 458 812 465 —-
846 432 971 493 Ergo
1015 460 1081 466 -
1121 433 1281 479 amabo
1319 459 1387 466 —-
1420 433 1495 478 illa
1535 435 1704 490 omnia,

136 514 370 561 quaequae
417 506 614 559 egerunt
649 499 1038 559 Jurisdictiones,
1076 503 1169 547 vim
1196 500 1441 547 confestim
1482 500 1704 560 obligati-

135 582 238 614 vam
262 567 350 613 hoc
376 569 477 627 ipso
506 566 761 613 inducunt?
799 575 844 612 et
870 569 945 628 qui
974 568 1029 613 de
1060 570 1283 614 missione
1312 583 1393 615 sua
1419 567 1601 613 referre
1630 574 1707 613 te-

136 642 291 691 netur,
329 634 549 680 facultate
593 634 738 679 libere
784 635 953 694 agendi
1007 635 1278 697 simpliciter
1326 650 1489 682 carere
1531 634 1710 681 debet?

136 708 328 762 quanta,
367 703 407 748 si
449 703 538 747 ista
587 701 925 758 subsisterent,
975 702 1080 748 inde
1123 702 1320 749 absurda
1361 701 1708 766 sequerentur?

135 775 270 830 atque
296 770 469 817 utinam
495 776 656 816 secuta
680 783 775 817 non
800 767 1016 816 fuissent.

823 904 870 959 ξ.
911 904 1024 951 420.

536 1003 640 1056 Qua
665 1001 831 1059 le'nyva
856 1001 990 1059 [eyes
1017 1000 1309 1049 condantur.

267 1095 426 1142 Finem
453 1096 509 1142 de
544 1096 751 1143 Comitiis
791 1097 1053 1143 d1sserendi
1089 1102 1333 1158 antequam
1368 1095 1520 1154 facio,
1560 1110 1711 1156 quae-

134 1176 237 1208 nam
278 1162 333 1207 de
377 1164 540 1223 lingva
579 1163 830 1223 hungarica
880 1165 927 1209 in
965 1164 1181 1211 texendis
1221 1164 1452 1221 decretis,
1503 1165 1712 1224 actisque

131 1228 355 1291 publicis,
396 1237 531 1275 antea
566 1230 708 1276 latine
749 1231 1126 1289 decurrentibus,
1164 1233 1297 1279 vario
1334 1238 1545 1291 tempore
1570 1229 1712 1290 lege-

131 1294 265 1342 tenus
292 1295 465 1342 fuerint
507 1299 787 1355 constituta,
826 1302 1009 1345 tametsi
1039 1300 1118 1345 vel
1144 1313 1228 1361 per
1267 1312 1398 1344 usum
1425 1311 1712 1343 communem

131 1364 178 1409 in
217 1363 463 1425 propatulo
504 1366 623 1420 sint,
661 1377 755 1409 non
791 1368 976 1425 penitus
1012 1365 1295 1427 praeteribo.
1352 1365 1411 1411 Ut
1454 1364 1709 1425 hungarico

132 1430 294 1487 simul,
345 1446 400 1476 ac
436 1431 577 1476 latino
617 1429 835 1476 idiomate
879 1432 1170 1491 scribantur,
1226 1446 1346 1478 anno
1385 1432 1520 1490 hujus
1566 1431 1712 1477 seculi

129 1511 268 1559 supra
303 1500 586 1544 tricesimum
625 1503 761 1544 sexto
804 1498 867 1557 ¹³),
922 1502 1222 1546 constitutum
1263 1506 1392 1557 erat,
1432 1498 1598 1559 quodsi
1633 1506 1712 1545 ta-

129 1578 234 1609 men
274 1564 330 1610 de
371 1564 634 1625 significatu
670 1565 837 1611 alicubi
880 1565 1063 1612 dubium
1089 1574 1385 1626 emergeret,
1424 1565 1549 1612 istud
1586 1565 1711 1623 hun-5

128 1633 315 1691 garicus
342 1639 499 1678 textus
541 1631 751 1689 dirimat;
789 1632 1093 1694 quadriennio
1130 1634 1333 1680 nondum
1370 1634 1579 1690 evoluto,
1607 1632 1712 1678 Lit-

128 1705 258 1744 terae
286 1699 342 1744 ad
376 1698 583 1760 Regem,
626 1714 711 1744 ceu
736 1699 1218 1761 Repraesentationes
1258 1716 1283 1746 e
1321 1697 1548 1757 Comitiis,
1585 1700 1708 1745 labio

126 1764 238 1812 latio
268 1766 461 1812 excluso
480 1801 494 1823 ,
529 1766 785 1812 vernaculo
814 1766 1035 1812 duntaxat
1062 1766 1223 1812 dimitti
1243 1766 1465 1825 Jubentur
1507 1766 1574 1824 ῦς
1601 1771 1710 1828 post

127 1834 323 1879 similem
349 1833 531 1879 tandem
558 1832 951 1893 intercapedinem
995 1832 1057 1892 dJ,
1085 1833 1130 1879 id
1156 1834 1280 1894 quod
1307 1832 1483 1879 anhelis
1510 1832 1711 1894 peteba-

128 1906 201 1945 tur
234 1903 389 1957 votiS,
429 1900 486 1945 ad
524 1899 699 1959 Regias
733 1901 1117 1961 Propositiones,
1156 1901 1432 1961 Rescripta,
1482 1907 1528 1946 et
1562 1899 1703 1961 quid-

127 1967 234 2027 quid
258 1965 408 2026 Regio
446 1968 631 2012 nomine
672 1965 897 2023 dandum,
934 1967 1013 2013 vel
1039 1966 1323 2013 reddendum
1362 1967 1515 2024 soret,
1555 1981 1703 2028 aeque

128 2041 371 2079 extensum
412 2033 526 2090 fuit,
566 2048 652 2093 qua
693 2036 944 2079 occasione
981 2033 1229 2095 profligato
1267 2036 1452 2096 penitus
1482 2048 1507 2079 e
1544 2033 1706 2080 Comi-

128 2101 230 2156 tiis,
271 2114 295 2144 e
342 2101 647 2157 Dicasteriis,
687 2114 712 2145 e
755 2100 1077 2147 Tribunalibus
1111 2126 1180 2135 —-
1216 2101 1364 2148 verbo
1402 2126 1471 2134 —-
1504 2101 1706 2161 undique

126 2163 270 2209 latino
320 2165 472 2223 labio,
510 2167 646 2212 unice
684 2165 876 2213 Nunoiis
920 2168 1120 2214 Partium
1159 2168 1442 2215 adnexarum
1492 2169 1708 2214 sexennii

128 2233 376 2292 respirium
402 2232 458 2278 ad
493 2246 756 2280 sermonem
781 2233 922 2281 latine
948 2234 1285 2297 proferendum
1324 2237 1595 2298 permittere
1621 2236 1707 2282 vi-

129 2310 227 2343 sum
253 2298 340 2344 fuit
362 2298 432 2358 ⁴²⁶).

182 2394 232 2449 ³⁶)
266 2393 433 2442 Qualem
456 2396 550 2447 ista,
581 2401 692 2438 tanta
714 2409 803 2437 cum
830 2398 1050 2439 acerbitate
1072 2403 1345 2453 propugnata,
1375 2403 1456 2438 tam
1477 2397 1706 2439 vehementi

238 2453 509 2503 praedominii
540 2454 658 2504 nisu,
701 2455 833 2494 Sociis
865 2455 1020 2507 Regnis
1052 2456 1186 2507 palam
1217 2455 1559 2506 reclamantibus,
1599 2468 1705 2496 con-

240 2508 376 2558 clusa,
420 2522 491 2550 nec
523 2511 610 2551 sine
652 2511 792 2563 gravi,
836 2523 881 2550 ac
921 2512 1102 2552 violenta
1140 2526 1216 2564 pro
1258 2513 1490 2553 numerosis
1533 2513 1704 2553 alterius

238 2563 337 2604 labii
366 2566 562 2607 coincolis
594 2568 801 2608 coactione
831 2567 1029 2620 imposita
1059 2570 1247 2611 effectum
1271 2570 1554 2623 produxerint,
1586 2582 1702 2622 quam

164 2679 197 2720 ὃ)
226 2679 327 2714 1655.
354 2681 409 2717 49.

163 2736 198 2777 b)
224 2739 300 2770 Art.
327 2739 358 2772 3.

164 2796 193 2834 ⁰)
222 2794 323 2827 1840.
349 2796 383 2828 6.

163 2850 202 2892 d)
230 2851 331 2886 1848.
354 2852 385 2885 2.
