1941 3143
192 94 254 140 54

308 203 417 255 quod
448 202 647 244 hactenus
679 203 843 244 unicum
878 199 1021 241 Codici
1055 200 1278 242 domestico
1320 201 1521 243 insertum
1554 207 1710 250 exstat,
1742 200 1785 241 in

305 259 555 299 authenticis
602 261 775 312 paribus
819 262 869 300 ad
912 271 956 297 se
1003 257 1245 308 dimissum,
1291 259 1447 311 aliquot
1493 259 1786 307 comitatuum,

306 317 517 370 Regnique
544 317 738 357 Croatiae
761 316 942 358 Archiva
966 321 1223 357 conservant.
1257 315 1399 356 Exstat
1422 323 1635 368 praeterea
1652 315 1787 354 simile

306 374 346 413 in
381 374 543 425 privato
578 374 760 414 familiae
794 374 1066 426 Gorgeyanae
1098 372 1315 422 tabulario,
1348 374 1513 413 indubie
1545 380 1662 412 antea
1696 371 1784 412 co-

306 431 476 470 mitatus
509 431 799 482 Scepusiensis
825 431 879 484 ²¹).
913 429 1147 480 Dispositio
1181 430 1309 482 igitur
1339 431 1498 469 tardior
1518 431 1585 482 b),
1618 436 1661 469 ut
1692 428 1787 468 sin-

308 488 419 541 gulis
454 487 730 528 Comitatibus
779 487 947 541 singula
987 486 1161 526 Decreta
1202 487 1520 536 submittantur,
1568 485 1677 526 credi
1711 497 1786 537 par

307 551 384 593 est,
416 545 465 584 ad
497 557 676 594 morem,
709 544 779 597 qui
810 546 916 585 sorte
949 543 1151 596 tantisper
1183 544 1466 592 interciderat,
1505 544 1786 583 renovandum

312 602 618 644 intercessisse.
665 602 768 642 Nam
824 608 862 642 et
901 601 1061 642 Mariae
1108 602 1286 655 Reginae
1332 600 1708 649 confirmatorium,
1754 604 1794 640 et

314 659 571 710 Sigismundi
614 659 860 709 Decretum,
902 659 1008 710 quod
1049 659 1185 698 minus
1228 658 1399 707 dicitnr,
1442 658 1635 699 Civitatis
1667 658 1792 697 Bart-

314 716 485 769 phensis
518 716 673 756 scrinio
704 717 878 765 illatum,
907 716 1016 768 Pray
1049 715 1201 756 alicubi
1234 715 1381 764 innuit,
1414 729 1456 755 se
1485 716 1673 755 manibus
1702 714 1791 754 suis

315 778 540 822 tractasse3
588 780 626 813 et
671 772 806 828 majus
851 772 1037 827 ejusdem
1077 773 1227 827 Regis,
1283 779 1407 824 prout
1453 773 1571 812 etiam
1624 772 1793 821 Alberti,

316 830 500 871 Statibus
531 831 664 884 Regni
695 831 937 872 Sclavoniae
968 830 1156 881 missum,
1189 829 1338 870 ibidem
1371 835 1462 869 actu
1496 835 1669 881 prostat.

896 957 943 1012 ἓ.
983 957 1096 1002 408.

534 1057 612 1101 An
640 1052 887 1114 quaedam
911 1055 1075 1113 Leyes
1101 1056 1152 1099 2'72
1175 1054 1443 1111 Hunyarz'a
1460 1055 1482 1098 ἒ

338 1153 415 1199 An
439 1152 574 1213 leges
600 1153 660 1215 jn
684 1152 838 1198 Patria
871 1157 1034 1198 nostra
1062 1150 1253 1208 dentur,
1291 1165 1380 1197 nec
1419 1150 1602 1211 quidem
1637 1157 1794 1197 mutuo

205 1222 385 1281 Regis,
426 1227 473 1265 et
525 1219 690 1282 Populi
730 1221 941 1265 universi
981 1232 1180 1264 assensu
1221 1219 1485 1264 alterationi
1524 1218 1797 1264 obnoxiae?

203 1290 420 1349 genuinis
458 1287 862 1348 Jurisprudentiae
902 1288 1143 1348 principiis
1171 1286 1320 1331 solide
1361 1285 1559 1331 imbutus
1585 1287 1668 1331 vix
1694 1301 1797 1331 am-

205 1357 326 1418 plius
369 1362 530 1402 nostra
574 1361 728 1400 aetate
756 1353 1078 1413 interrogabit.
1132 1353 1243 1408 Quis
1271 1356 1392 1398 enim
1417 1353 1797 1399 Jurisconsulto—

206 1439 305 1468 rum
331 1425 546 1483 ignorat,
585 1423 718 1481 leges
745 1423 976 1482 positivas
1006 1420 1089 1478 (de
1116 1422 1218 1466 istis
1255 1423 1375 1466 enim
1394 1454 1405 1466 .
1444 1435 1538 1466 non
1566 1419 1622 1466 de
1648 1423 1797 1481 pactis

207 1491 397 1551 utique,
436 1489 799 1545 foederibusve,
838 1489 917 1534 vel
944 1488 1000 1534 de
1027 1488 1179 1547 Regni
1209 1490 1560 1533 successionem
1589 1491 1799 1535 attinen-

207 1558 327 1603 tibus
347 1591 359 1613 ,
399 1571 453 1602 ac
480 1556 674 1602 subinde
700 1555 884 1615 legibus
910 1556 1049 1601 illatis
1079 1556 1342 1615 quaeritur]
1373 1559 1650 1601 auctoritate
1668 1590 1680 1611 ,
1710 1571 1797 1616 qua

209 1624 496 1680 conduntur,
536 1623 699 1669 eadem
727 1625 865 1669 etiam
890 1625 979 1668 rite
999 1657 1011 1680 ,
1052 1637 1106 1667 ac
1131 1623 1338 1682 legitime
1377 1626 1560 1678 mutari,
1590 1628 1666 1667 aut
1693 1623 1799 1667 suf—

208 1693 351 1747 ferri,
389 1705 478 1737 nec
504 1705 649 1753 posse
689 1692 959 1748 cujuscujus
987 1690 1172 1735 tandem
1214 1692 1321 1736 aevi
1346 1689 1692 1748 legislationem
1720 1690 1800 1735 fu-

209 1768 340 1805 turae
378 1772 589 1806 normam
623 1759 692 1805 sic
717 1757 1075 1815 immutabilem,
1115 1764 1252 1818 atque
1294 1763 1531 1802 aeternam
1556 1759 1799 1819 praescri-

206 1827 351 1884 bere,
404 1832 455 1872 ut
491 1826 608 1871 haec
646 1826 790 1887 ligata
836 1825 1062 1871 duntaxat
1109 1832 1345 1887 potestate
1383 1824 1611 1887 procedat
1657 1827 1703 1871 in
1742 1827 1798 1872 iis

209 1908 402 1957 nempe,
441 1908 560 1955 quae
587 1893 644 1940 ad
670 1907 961 1940 communem
987 1893 1184 1940 salutem
1208 1892 1491 1938 reseruntur.

910 2043 958 2099 ὃ.
998 2043 1111 2090 409.

687 2141 1039 2188 Ῑηαῖῐεναόίῖε3
1067 2144 1288 2187 existant
1311 2145 1333 2187 ἓ

348 2241 593 2289 Sustinere
619 2240 830 2286 nonnulli
855 2239 1108 2295 volebant,
1147 2239 1353 2297 Majores
1392 2247 1582 2286 nostros
1610 2247 1804 2287 contra—

215 2313 333 2358 rium
372 2311 617 2365 statuisse,
656 2308 794 2368 idque
835 2322 859 2352 e
899 2309 1161 2368 pervetusti
1199 2308 1437 2366 cujusdam
1470 2309 1804 2355 Decretiver-

215 2381 283 2424 bis
327 2379 400 2435 *Ἲς
444 2384 524 2435 „ut
560 2376 685 2421 nullo
722 2390 921 2436 unquam
959 2382 1196 2436 tempore,
1234 2390 1387 2436 neque
1424 2377 1604 2421 scilicet
1639 2377 1685 2421 in
1710 2390 1805 2422 no-

217 2460 415 2505 „vorum
454 2443 636 2503 Regum
677 2443 940 2499 electione,
978 2443 1056 2489 vel
1084 2443 1431 2500 Coronatione,
1471 2444 1554 2489 sed
1580 2458 1732 2504 neque
1760 2447 1805 2489 in

219 2513 458 2571 „Diaetis,
499 2525 582 2555 seu
616 2509 1074 2569 Congregationibus
1118 2510 1417 2569 generalibus
1461 2511 1706 2573 quidquam
1747 2527 1807 2556 ex

219 2579 343 2639 „illis
385 2578 649 2636 (articulis)
690 2580 910 2635 variare,
962 2578 1041 2623 vel
1089 2580 1331 2623 immutare
1378 2577 1564 2624 liceat.“
1631 2578 1805 2624 Verum

256 2736 289 2775 α)
317 2736 408 2768 Vide
428 2736 603 2770 animadv.
629 2737 663 2768 in
686 2738 755 2768 Jus
784 2738 874 2779 publ.
903 2738 1141 2779 Grossingeri
1163 2747 1191 2779 p.
1213 2740 1292 2771 211.

255 2791 291 2834 l³)
321 2791 421 2826 1471.
448 2793 502 2826 31.

220 2852 223 2853 ⁷
265 2848 298 2897 ⁶)
324 2848 425 2895 1486.
451 2848 715 2906 confirmant.
743 2851 798 2886 78.
