1941 3143
1637 129 1700 175 45

130 247 254 293 lenta
281 242 546 292 testimonia
589 243 656 301 ³),
688 243 870 304 quidam
897 242 951 289 ad
978 242 1289 289 recentiorem
1315 254 1493 288 morem
1518 243 1712 303 primum

131 317 176 360 in
203 313 446 360 Conventu
473 312 811 373 Soproniensi.
850 311 907 358 ob
933 314 1095 358 nescio
1112 345 1125 369 ,
1164 324 1298 372 quam
1321 310 1415 355 loci
1454 312 1714 369 angustiam

131 381 418 442 adoptatum.
473 395 720 441 perperam
772 378 955 426 referre
1003 379 1280 426 voluerunt.
1337 375 1581 423 Ordinarie
1638 378 1712 435 ajo

131 457 306 495 tamen:
347 447 573 507 siquidem
612 448 846 503 Decreta,
884 447 962 494 vel
997 447 1244 508 Rescripta
1281 444 1540 504 Principis„
1601 443 1714 491 Sta-

131 524 255 562 tuum
280 517 389 561 item
414 514 896 576 Repraesentationes
932 517 976 560 in
1004 515 1158 560 mixtis
1194 511 1485 560 sessionibus
1515 517 1714 556 cuncto-

131 598 229 629 rum
254 583 489 631 Statuum.
528 584 574 628 in
599 598 737 628 unum
773 590 1193 642 congregatorum,
1232 580 1433 640 vulgari,
1471 577 1714 639 relegique

132 651 479 697 consveverint.
519 650 691 695 Eadem
731 664 873 710 porro
913 652 1095 695 ratione
1122 647 1346 705 Palatini,
1387 645 1715 693 Conservato—

131 733 322 779 rumque
340 716 556 763 Coronae
585 717 864 763 electionem
882 719 1186 762 communiter
1201 718 1382 776 peragi.
1409 712 1578 758 referri
1594 713 1714 758 Acta

131 785 519 847 Deputationunl,
571 799 656 845 per
691 783 887 830 Comitia
923 785 1258 839 exmissaruin,
1307 782 1580 841 frequenter
1626 780 1713 825 alia

133 855 301 909 etiam,
341 851 444 897 dum
482 859 619 912 urget
655 858 867 913 tempus,
906 853 1096 912 negotia
1137 850 1349 897 absoluta
1383 848 1532 894 fuisse
1560 861 1714 907 expe-

133 922 299 966 rientia
327 919 495 966 docuit.

822 1054 868 1108 ξ.
910 1054 1025 1101 395.

543 1152 749 1205 Quinam
779 1151 996 1197 Tabulae
1022 1152 1307 1197 Procerum.

266 1242 317 1290 In
345 1248 576 1307 superiori
604 1247 776 1293 Tabula
803 1250 1043 1309 proximus
1071 1264 1095 1293 a
1138 1248 1302 1294 dextro
1330 1246 1478 1291 latere
1505 1243 1713 1289 Palatino

133 1312 367 1369 Praesidi,
421 1314 706 1375 eodemque,
746 1330 883 1375 quum
921 1317 1037 1361 alter
1077 1331 1102 1360 a
1143 1315 1294 1373 Regio
1333 1313 1548 1372 Principe
1599 1311 1718 1357 hanc

134 1379 401 1439 dignitatem
441 1383 683 1439 sustinuit,
723 1395 926 1442 superno
968 1383 1075 1428 loco
1130 1380 1378 1427 adsederat
1417 1380 1570 1439 Regni
1605 1377 1714 1423 Pri-

132 1461 260 1504 mas3
297 1449 435 1493 istum
462 1456 716 1510 sequuntur
741 1449 1143 1511 Archi-Episcopi
1170 1447 1465 1503 Colocensis‚
1504 1447 1716 1506 Agrien-

134 1516 227 1572 sis,
265 1515 551 1562 Dioecesani
577 1518 827 1563 Antistites
853 1519 1096 1578 utriusque
1122 1519 1237 1563 ritus
1267 1514 1494 1561 Catholici
1521 1514 1713 1569 caeteri,

127 1582 260 1639 juxta
288 1585 459 1629 seriem
500 1590 748 1645 susceptae
787 1585 1190 1639 consecrationis3
1226 1589 1334 1644 post
1359 1581 1445 1627 hos
1471 1580 1715 1641 hungarici

132 1648 353 1711 Episcopi
380 1650 548 1708 electi„
587 1651 926 1699 Archi-Abbas
952 1651 1124 1698 Montis
1160 1651 1428 1696 Pannoniae
1450 1682 1463 1705 7
1501 1648 1717 1710 Praepo-

134 1718 248 1763 situs
275 1717 425 1776 Major
449 1718 778 1778 Zagrabiensis
820 1718 863 1776 ¹³)
882 1753 894 1776 7
934 1734 1021 1779 qua
1047 1719 1176 1779 prior
1201 1719 1421 1763 Auranae
1449 1716 1598 1773 (197)
1618 1748 1631 1770 ,
1672 1720 1718 1759 et

135 1783 251 1829 alter
305 1784 646 1831 Canonicorum
698 1784 1198 1831 Praemostratensium
1251 1785 1296 1829 S.
1330 1781 1553 1843 Stephani
1586 1780 1717 1827 Mar-

134 1853 250 1910 tyris
288 1854 334 1897 in
384 1851 706 1897 Promontario
761 1852 1040 1898 Varadiensi
1078 1851 1319 1897 Praelatus
1362 1850 1419 1907 ⁰).
1473 1848 1718 1895 Sinistrum

135 1917 253 1963 latus
283 1918 471 1975 ordine7
513 1933 646 1979 quem
673 1919 752 1964 lex
794 1916 837 1978 d)
867 1920 1107 1979 designat‚
1145 1918 1356 1964 Barones
1382 1916 1552 1976 Regni.
1581 1922 1717 1975 atque

134 1983 363 2031 Proceres
405 1992 578 2031 tenent.
629 1984 808 2046 Nempe
844 1986 997 2031 Judex
1032 1985 1232 2042 Curiae7
1269 1984 1427 2030 Banus
1480 1981 1716 2039 Croatiae,

134 2052 422 2098 Tavernicus
440 2087 452 2108 .
491 2061 658 2113 postea
679 2054 812 2110 juxta
840 2055 1009 2099 seriem
1037 2054 1301 2100 collationis
1326 2051 1511 2111 reliqui,
1551 2064 1717 2110 agmen

137 2117 379 2164 claudente
408 2119 585 2164 Comite
613 2120 906 2165 Posoniensi.
934 2121 1089 2166 Vicini
1114 2120 1222 2165 huic
1247 2119 1456 2165 assident
1483 2115 1715 2163 Custodes

139 2182 385 2241 Coronae,
423 2184 493 2230 his
521 2189 721 2246 supremi
749 2185 953 2233 Comites
971 2221 983 2244 7
1022 2187 1319 2233 haereditarii
1344 2186 1521 2246 primo„
1551 2183 1717 2230 deinde

137 2250 302 2311 reliqui
329 2251 579 2298 secundum
604 2253 930 2300 installationis
971 2268 1083 2300 suae
1118 2260 1331 2301 aetatem.
1370 2277 1438 2286 --
1471 2251 1718 2298 Accedunt

139 2316 372 2364 Littoralis
416 2318 666 2379 Hungarici
719 2321 1013 2368 Gubernator
1054 2322 1125 2380 ⁰),
1187 2321 1525 2380 Ablegatorum
1563 2318 1718 2378 Regni

140 2382 354 2430 Croatiae
390 2400 525 2443 unus,
564 2387 671 2433 olim
704 2388 784 2434 lex
818 2389 1098 2435 Sclavoniae
1133 2388 1412 2448 Ablegatum
1451 2385 1716 2447 compellat,

141 2449 359 2513 deinceps
411 2452 499 2499 duo
540 2453 595 2499 ad
643 2454 762 2501 hanc
802 2454 1021 2501 Tabulam
1062 2455 1335 2517 delegandi9
1387 2468 1477 2501 nec
1513 2467 1608 2500 non
1661 2451 1716 2498 ab

179 2590 209 2631 ὃ)
237 2594 314 2625 vid.
340 2596 438 2628 1608.
460 2597 491 2628 1.
518 2606 549 2638 p.
575 2605 606 2628 c.
633 2597 733 2629 Cons.
759 2598 847 2630 Acta
882 2597 1015 2630 Coron.
1055 2598 1287 2632 Maximiliani
1325 2600 1428 2632 Auct.
1454 2597 1659 2632 Kovachich
1682 2596 1716 2628 in

243 2640 363 2673 Solen.
390 2643 512 2684 lnaug.
534 2643 617 2676 edit.
643 2647 678 2676 et
701 2648 785 2685 post
805 2644 1023 2687 hae021687.
1048 2645 1101 2678 10.

178 2694 212 2733 b)
239 2695 340 2729 1625.
366 2698 422 2730 61.

176 2755 207 2791 Θ)
235 2755 334 2785 1715.
362 2755 416 2787 73.

176 2806 210 2847 d)
237 2810 336 2842 1687.
362 2810 416 2844 10.

178 2864 212 2906 ⁰)
238 2867 339 2901 1807.
365 2864 399 2901 4·-
