1941 3143
1594 66 1684 114 153

799 179 845 232 ξ.
887 179 998 226 207.

409 261 658 320 Quidquid
695 261 960 307 Goldastns
998 270 1385 307 contramoveat.

240 342 427 388 Memini
456 342 723 389 Goldastum
742 343 1016 388 Germaniae
1031 342 1316 405 Scriptorem
1342 342 1387 386 in
1418 342 1457 387 R
1475 357 1499 387 e
1518 357 1690 389 cessu

105 411 347 472 Imperii
387 410 441 455 de
468 410 748 455 Palatinatus
777 410 951 456 Oll'iciis
979 417 1212 470 agentem..
1252 411 1493 469 sequentia
1522 409 1687 455 admo-

107 478 210 524 dum
238 476 434 523 fidenter
473 477 528 522 de
554 476 784 537 Hungaris
812 485 1028 523 notasse:
1071 477 1277 536 „Quibus
1306 476 1484 522 demum
1509 476 1685 522 Henri—

109 560 221 606 „cus
247 572 316 578 ——-
341 552 653 605 cognomento
678 546 811 604 niger
835 572 902 578 --
928 545 1119 590 subacto
1147 545 1411 605 Hungariae
1428 545 1613 605 Regno,
1643 551 1689 590 et

105 615 352 674 „restituto
380 613 518 658 Petro
548 612 698 671 Rege
738 612 958 658 fidelitate
987 613 1041 658 ab
1079 628 1135 658 eo
1174 618 1382 673 recepta.
1422 612 1686 674 petentibus

105 651 410 738 ZOrdinibus.
472 680 724 725 Palatinum
759 679 1023 739 Hungaliae
1073 680 1257 737 adjecit.
1268 681 1291 705 ‘⁶
1344 680 1401 724 A.
1459 681 1583 726 1042
1627 680 1685 737 ⁸.)

103 748 194 795 Sed
221 747 334 793 fides
364 747 572 794 Goldasti
599 748 851 807 Scriptoris
879 748 1025 792 seculi
1058 750 1149 793 17.
1180 749 1254 808 qui
1281 761 1358 792 res
1386 753 1685 807 pervetustas

104 815 382 871 enarrando.
420 817 657 860 rarissime
697 813 852 859 fontes
880 814 1067 862 indicat
1095 815 1217 859 unde
1246 829 1327 859 sua
1355 820 1534 859 asserta
1565 813 1686 859 hau-

107 885 236 940 serit.
277 897 329 927 ac
354 890 606 943 propterea
635 884 770 927 etiam
797 883 842 927 in
869 881 1009 927 rebus
1038 881 1123 927 sibi
1151 882 1420 927 domesticis
1449 883 1688 941 gravissi-

104 964 220 994 mam
248 949 584 1009 Seckenbergii
612 963 855 994 censuram
880 951 1136 1010 promeruit
1176 948 1239 1007 b).
1266 948 1344 995 vel
1363 963 1423 994 ex
1451 964 1507 994 eo
1537 951 1686 1009 capite

103 1016 304 1072 vacillat.
345 1016 466 1076 quod
505 1019 550 1061 in
587 1016 673 1060 hac
710 1018 810 1076 ipsa
860 1019 1126 1062 narratione
1171 1024 1414 1076 utrumque
1452 1016 1686 1061 Historiae

104 1083 284 1127 oculum
313 1084 516 1128 clausum
544 1085 757 1128 tenuerit.
798 1082 1024 1128 Henricus
1063 1083 1277 1144 profecto
1316 1098 1408 1129 non
1444 1084 1565 1128 ultra
1595 1084 1688 1128 Al—

101 1150 201 1194 bam
238 1149 429 1208 Regiam
466 1153 709 1209 pervenit.
759 1149 1037 1209 Hungariam
1076 1149 1269 1211 proinde
1312 1150 1558 1209 subegisse
1599 1150 1687 1195 dici

100 1218 180 1260 vix
206 1223 418 1276 poterat.
460 1223 505 1260 et
554 1220 598 1261 in
637 1231 756 1261 anno
800 1219 901 1277 ipso
943 1224 1330 1263 commemoratae
1373 1217 1684 1278 expeditionis

101 1297 234 1328 error
284 1282 544 1342 subrepsit.
608 1289 769 1344 utpote
833 1298 967 1343 quem
1027 1284 1268 1330 domestici
1325 1283 1379 1345 θ).
1442 1287 1685 1345 exterique

100 1351 364 1410 Scriptores
395 1350 597 1396 caeteri.
638 1364 691 1394 ac
724 1350 844 1394 inter
879 1349 965 1396 hos
1005 1354 1271 1396 nominatim
1311 1366 1516 1397 coaevus
1556 1352 1682 1397 Her-

98 1432 290 1463 mannus
317 1416 592 1462 Contractus
635 1415 697 1474 d)7
737 1431 824 1461 nec
861 1432 955 1463 non
992 1419 1189 1464 Aloldus
1229 1434 1251 1464 a
1290 1419 1488 1465 Peklarn
1531 1419 1570 1477 Ε)
1627 1419 1683 1464 ad

98 1499 264 1531 annum
294 1486 435 1532 1044.
464 1484 759 1531 concorditer
784 1484 1003 1546 defigunt.

501 1668 595 1723 Qui
620 1672 789 1726 prima
827 1682 1023 1728 quoque
1059 1668 1291 1715 Perz‘odo.

232 1749 478 1812 Explicato
507 1748 628 1794 hunc
654 1751 699 1795 in
725 1749 909 1795 modum
943 1749 1197 1809 dignitatis.
1238 1748 1293 1794 de
1321 1763 1408 1809 qua
1435 1749 1682 1810 loquimur.

99 1824 284 1873 exortu..
324 1817 380 1863 ad
404 1817 627 1863 ulteriora
654 1819 755 1875 ejus
783 1817 996 1875 adjuncta
1024 1824 1095 1863 est
1136 1816 1548 1879 progrediendum:
1596 1831 1685 1862 nec

98 1888 219 1932 enim
245 1884 365 1930 idem
393 1886 515 1930 omni
551 1892 760 1946 tempore
787 1899 887 1930 mos
914 1886 1062 1944 viguit
1088 1885 1323 1930 Palatinos
1351 1884 1681 1939 constituendi.

96 1969 184 1999 nec
211 1953 402 1999 eaedem
428 1953 517 1997 illis
543 1954 921 2012 praerogativae.
950 1967 1038 1996 nec
1064 1954 1216 1997 munia
1256 1951 1388 1997 fuere
1418 1953 1680 2010 conjuncta.

99 2021 220 2067 Sane
248 2034 364 2081 quos
391 2019 526 2065 modo
546 2019 715 2079 Regis.
743 2028 788 2065 et
816 2020 1034 2066 Ordinum
1061 2021 1376 2066 consensione
1404 2021 1683 2066 eminentem

100 2103 203 2133 eum
228 2087 547 2146 Magistratum
586 2089 839 2148 consequi.
897 2093 942 2133 et
979 2089 1074 2133 vita
1112 2087 1395 2148 perdurante
1432 2102 1493 2133 ex
1528 2087 1682 2146 legum

98 2155 393 2214 Praescripto
447 2152 482 2211 ¹)
521 2156 771 2200 retinuisse
809 2156 1051 2212 novimus,
1106 2154 1360 2200 eorundem
1397 2156 1682 2200 nominatio—

99 2236 203 2267 nem
228 2222 394 2282 priscis
434 2221 716 2282 temporibus
754 2238 779 2267 a
814 2222 959 2267 solius
986 2223 1211 2283 Principis
1252 2222 1508 2281 Regnantis
1550 2220 1678 2266 arbi—

100 2290 188 2334 trio
228 2287 543 2350 pependisse.
604 2289 786 2350 plurimi
826 2289 947 2335 haud
997 2289 1170 2350 absque
1222 2288 1520 2334 fundamento
1563 2303 1681 2333 cen-

102 2370 237 2401 suere
279 2357 341 2414 g).
380 2355 515 2401 Ratio
551 2358 690 2416 igitur
724 2357 958 2402 PalatInos
1010 2356 1197 2402 creandi
1245 2359 1484 2418 praeviam
1524 2357 1569 2402 in
1605 2355 1674 2400 his

103 2422 326 2480 omnihus,
365 2437 418 2468 ac
443 2423 727 2484 peculiarem
753 2431 957 2470 meretur
987 2426 1284 2470 mentionem.

139 2533 322 2568 )K0ller
347 2536 439 2568 Hist.
467 2537 587 2578 Episc.
618 2537 778 2579 Quinque
805 2538 905 2571 Ecct.
933 2539 973 2572 Τ.
1000 2539 1031 2572 3.
1059 2548 1090 2581 p.
1116 2536 1197 2573 403.

142 2577 240 2617 1))Ιιι
265 2580 395 2622 script.
423 2591 494 2615 rer
523 2584 707 2615 Alemann.
732 2583 761 2624 §.
787 2583 844 2617 40.

141 2624 297 2660 ε)Κέῑῆ
323 2627 358 2658 C
385 2628 413 2660 3.
442 2638 473 2667 p
500 2629 554 2662 88
582 2631 761 2663 Tburocz.
788 2632 826 2664 P.
852 2632 885 2663 2.
913 2630 951 2663 C.
978 2631 1033 2663 37.

141 2670 172 2709 d)
201 2669 242 2702 In
269 2671 417 2705 Collect.
444 2674 589 2707 pistorii
615 2676 730 2719 Scrip
757 2687 828 2712 rer.
855 2678 978 2710 Germ.
1005 2678 1047 2710 de
1073 2681 1162 2711 sext.
1188 2678 1306 2710 mund
1329 2681 1434 2711 aetat
1461 2676 1502 2709 ad
1531 2685 1608 2708 ann.
1622 2674 1678 2706 eit.

139 2718 260 2757 e)Op.
289 2719 346 2751 cit
374 2719 415 2750 ad
442 2721 542 2753 eund.
569 2731 648 2754 ann.

142 2765 178 2805 f)
206 2765 304 2797 1526.
331 2766 386 2798 23.
1416 2806 1419 2807 a

139 2815 171 2851 s)
199 2811 320 2844 Palma
345 2815 418 2845 not.
445 2813 527 2845 Rer.
553 2813 672 2856 Hung.
697 2815 738 2848 T.
766 2817 797 2849 1.
823 2817 859 2848 In
885 2814 1019 2848 Introd.
1047 2813 1200 2855 alibique
1226 2814 1374 2857 passim.
