<?xml version="1.0" encoding="UTF-8"?>
<!DOCTYPE html PUBLIC "-//W3C//DTD XHTML 1.0 Transitional//EN"
    "http://www.w3.org/TR/xhtml1/DTD/xhtml1-transitional.dtd">
<html xmlns="http://www.w3.org/1999/xhtml" xml:lang="en" lang="en">
 <head>
  <title>
</title>
<meta http-equiv="Content-Type" content="text/html;charset=utf-8" />
  <meta name='ocr-system' content='tesseract 3.04.00' />
  <meta name='ocr-capabilities' content='ocr_page ocr_carea ocr_par ocr_line ocrx_word'/>
</head>
<body>
  <div class='ocr_page' id='page_1' title='image "./conspectusjurisp00czir_0055.png"; bbox 0 0 1941 3143; ppageno 0'>
   <div class='ocr_carea' id='block_1_1' title="bbox 1706 159 1736 204">
    <p class='ocr_par' dir='ltr' id='par_1_1' title="bbox 1706 159 1736 204">
     <span class='ocr_line' id='line_1_1' title="bbox 1706 159 1736 204; baseline 0 0"><span class='ocrx_word' id='word_1_1' title='bbox 1706 159 1736 204; x_wconf 87' lang='lat'>5</span> 
     </span>
    </p>
   </div>
   <div class='ocr_carea' id='block_1_2' title="bbox 145 262 1737 1048">
    <p class='ocr_par' dir='ltr' id='par_1_2' title="bbox 145 262 1737 1048">
     <span class='ocr_line' id='line_1_2' title="bbox 152 262 1735 327; baseline 0.002 -15"><span class='ocrx_word' id='word_1_2' title='bbox 152 267 255 324; x_wconf 75' lang='lat' dir='ltr'><strong>V0).</strong></span> <span class='ocrx_word' id='word_1_3' title='bbox 295 266 362 312; x_wconf 91' lang='lat' dir='ltr'>Ut</span> <span class='ocrx_word' id='word_1_4' title='bbox 389 268 437 313; x_wconf 89' lang='lat' dir='ltr'>si</span> <span class='ocrx_word' id='word_1_5' title='bbox 464 267 589 327; x_wconf 87' lang='lat' dir='ltr'>quis</span> <span class='ocrx_word' id='word_1_6' title='bbox 617 264 681 310; x_wconf 84' lang='lat' dir='ltr'>de</span> <span class='ocrx_word' id='word_1_7' title='bbox 708 264 975 326; x_wconf 87' lang='lat' dir='ltr'>posteris</span> <span class='ocrx_word' id='word_1_8' title='bbox 1001 262 1156 309; x_wconf 86' lang='lat' dir='ltr'>Almi</span> <span class='ocrx_word' id='word_1_9' title='bbox 1183 264 1370 310; x_wconf 87' lang='lat' dir='ltr'>Ducis</span> <span class='ocrx_word' id='word_1_10' title='bbox 1399 273 1453 311; x_wconf 86' lang='lat' dir='ltr'>et</span> <span class='ocrx_word' id='word_1_11' title='bbox 1480 269 1735 316; x_wconf 88' lang='lat' dir='ltr'>aliarum</span> 
     </span>
     <span class='ocr_line' id='line_1_3' title="bbox 152 330 1734 393; baseline 0.002 -15"><span class='ocrx_word' id='word_1_12' title='bbox 152 334 537 379; x_wconf 82' lang='lat' dir='ltr'>Personarum</span> <span class='ocrx_word' id='word_1_13' title='bbox 564 330 1485 393; x_wconf 46' lang='lat' dir='ltr'>principaliumj11ramentum2et</span> <span class='ocrx_word' id='word_1_14' title='bbox 1512 342 1734 381; x_wconf 85' lang='lat' dir='ltr'>statuta</span> 
     </span>
     <span class='ocr_line' id='line_1_4' title="bbox 151 397 1736 460; baseline 0.001 -16"><span class='ocrx_word' id='word_1_15' title='bbox 151 402 419 460; x_wconf 89' lang='lat' dir='ltr'>ipsorum</span> <span class='ocrx_word' id='word_1_16' title='bbox 459 399 792 458; x_wconf 88' lang='lat' dir='ltr'>infringere</span> <span class='ocrx_word' id='word_1_17' title='bbox 828 397 1109 453; x_wconf 66' lang='lat' dir='ltr'>voluerii„</span> <span class='ocrx_word' id='word_1_18' title='bbox 1154 398 1509 445; x_wconf 86' lang='lat' dir='ltr'>anathemati</span> <span class='ocrx_word' id='word_1_19' title='bbox 1537 402 1736 459; x_wconf 88' lang='lat' dir='ltr'>subja—</span> 
     </span>
     <span class='ocr_line' id='line_1_5' title="bbox 153 463 1734 528; baseline 0.001 -17"><span class='ocrx_word' id='word_1_20' title='bbox 153 474 282 511; x_wconf 88' lang='lat' dir='ltr'>ceat</span> <span class='ocrx_word' id='word_1_21' title='bbox 310 468 362 511; x_wconf 91' lang='lat' dir='ltr'>in</span> <span class='ocrx_word' id='word_1_22' title='bbox 387 472 674 528; x_wconf 88' lang='lat' dir='ltr'>perpetuu</span> <span class='ocrx_word' id='word_1_23' title='bbox 687 467 777 509; x_wconf 77' lang='lat' dir='ltr'>1u.“</span> <span class='ocrx_word' id='word_1_24' title='bbox 816 467 971 524; x_wconf 85' lang='lat' dir='ltr'><strong>Atque</strong></span> <span class='ocrx_word' id='word_1_25' title='bbox 998 463 1068 508; x_wconf 90' lang='lat' dir='ltr'>his</span> <span class='ocrx_word' id='word_1_26' title='bbox 1097 464 1439 511; x_wconf 88' lang='lat' dir='ltr'>conditionibus</span> <span class='ocrx_word' id='word_1_27' title='bbox 1468 473 1514 511; x_wconf 91' lang='lat' dir='ltr'>et</span> <span class='ocrx_word' id='word_1_28' title='bbox 1540 466 1734 513; x_wconf 88' lang='lat' dir='ltr'>formam</span> 
     </span>
     <span class='ocr_line' id='line_1_6' title="bbox 152 531 1733 595; baseline 0.001 -17"><span class='ocrx_word' id='word_1_29' title='bbox 152 534 335 593; x_wconf 89' lang='lat' dir='ltr'>Imperii</span> <span class='ocrx_word' id='word_1_30' title='bbox 360 531 703 578; x_wconf 83' lang='lat' dir='ltr'>Monarchicam</span> <span class='ocrx_word' id='word_1_31' title='bbox 729 558 797 564; x_wconf 83' lang='lat'>—-</span> <span class='ocrx_word' id='word_1_32' title='bbox 835 537 881 577; x_wconf 90' lang='lat' dir='ltr'>et</span> <span class='ocrx_word' id='word_1_33' title='bbox 907 531 1133 589; x_wconf 82' lang='lat' dir='ltr'>Regimen</span> <span class='ocrx_word' id='word_1_34' title='bbox 1159 545 1243 590; x_wconf 91' lang='lat' dir='ltr'>pro</span> <span class='ocrx_word' id='word_1_35' title='bbox 1283 532 1438 578; x_wconf 93' lang='lat' dir='ltr'>indole</span> <span class='ocrx_word' id='word_1_36' title='bbox 1465 532 1612 579; x_wconf 87' lang='lat' dir='ltr'>libere</span> <span class='ocrx_word' id='word_1_37' title='bbox 1640 549 1733 595; x_wconf 94' lang='lat' dir='ltr'>po—</span> 
     </span>
     <span class='ocr_line' id='line_1_7' title="bbox 149 598 1734 662; baseline 0.001 -19"><span class='ocrx_word' id='word_1_38' title='bbox 149 599 244 662; x_wconf 93' lang='lat' dir='ltr'>puli</span> <span class='ocrx_word' id='word_1_39' title='bbox 284 599 536 659; x_wconf 79' lang='lat' dir='ltr'>prudenter</span> <span class='ocrx_word' id='word_1_40' title='bbox 563 605 865 658; x_wconf 85' lang='lat' dir='ltr'>temperatum</span> <span class='ocrx_word' id='word_1_41' title='bbox 902 623 968 629; x_wconf 90' lang='lat'>—</span> <span class='ocrx_word' id='word_1_42' title='bbox 1005 603 1050 642; x_wconf 91' lang='lat' dir='ltr'>et</span> <span class='ocrx_word' id='word_1_43' title='bbox 1076 600 1408 653; x_wconf 65' lang='lat' dir='ltr'>reverentiam,</span> <span class='ocrx_word' id='word_1_44' title='bbox 1449 598 1734 653; x_wconf 66' lang='lat' dir='ltr'>fidelitatem„</span> 
     </span>
     <span class='ocr_line' id='line_1_8' title="bbox 153 665 1737 741; baseline -0.001 -29"><span class='ocrx_word' id='word_1_45' title='bbox 153 665 461 713; x_wconf 80' lang='lat' dir='ltr'>obedientiam</span> <span class='ocrx_word' id='word_1_46' title='bbox 500 666 747 741; x_wconf 82' lang='lat' dir='ltr'>Imperanti</span> <span class='ocrx_word' id='word_1_47' title='bbox 790 665 986 710; x_wconf 80' lang='lat' dir='ltr'>debitam</span> <span class='ocrx_word' id='word_1_48' title='bbox 1021 689 1087 696; x_wconf 94' lang='lat'>—-</span> <span class='ocrx_word' id='word_1_49' title='bbox 1123 670 1169 708; x_wconf 84' lang='lat' dir='ltr'>et</span> <span class='ocrx_word' id='word_1_50' title='bbox 1200 679 1358 709; x_wconf 87' lang='lat' dir='ltr'>veram</span> <span class='ocrx_word' id='word_1_51' title='bbox 1387 665 1632 722; x_wconf 59' lang='lat' dir='ltr'>honorum„</span> <span class='ocrx_word' id='word_1_52' title='bbox 1671 668 1737 711; x_wconf 83' lang='lat' dir='ltr'>uti</span> 
     </span>
     <span class='ocr_line' id='line_1_9' title="bbox 152 731 1733 809; baseline 0 -31"><span class='ocrx_word' id='word_1_53' title='bbox 152 740 317 795; x_wconf 88' lang='lat' dir='ltr'>postea</span> <span class='ocrx_word' id='word_1_54' title='bbox 354 732 606 792; x_wconf 82' lang='lat' dir='ltr'>vigebant</span> <span class='ocrx_word' id='word_1_55' title='bbox 653 733 772 789; x_wconf 88' lang='lat' dir='ltr'>juris</span> <span class='ocrx_word' id='word_1_56' title='bbox 811 731 1043 776; x_wconf 89' lang='lat' dir='ltr'>Nobilium</span> <span class='ocrx_word' id='word_1_57' title='bbox 1079 732 1415 809; x_wconf 82' lang='lat' dir='ltr'>proprietatem</span> <span class='ocrx_word' id='word_1_58' title='bbox 1451 758 1519 764; x_wconf 89' lang='lat'>—</span> <span class='ocrx_word' id='word_1_59' title='bbox 1556 733 1733 779; x_wconf 80' lang='lat' dir='ltr'>verzbo</span> 
     </span>
     <span class='ocr_line' id='line_1_10' title="bbox 150 784 1737 862; baseline 0 -17"><span class='ocrx_word' id='word_1_60' title='bbox 150 802 319 862; x_wconf 88' lang='lat' dir='ltr'>primas</span> <span class='ocrx_word' id='word_1_61' title='bbox 358 799 507 845; x_wconf 89' lang='lat' dir='ltr'>lineas</span> <span class='ocrx_word' id='word_1_62' title='bbox 549 784 649 856; x_wconf 77' lang='lat' dir='ltr'>ejus</span> <span class='ocrx_word' id='word_1_63' title='bbox 691 797 1046 844; x_wconf 83' lang='lat' dir='ltr'>Constitutionis</span> <span class='ocrx_word' id='word_1_64' title='bbox 1089 800 1314 858; x_wconf 80' lang='lat' dir='ltr'>explimi</span> <span class='ocrx_word' id='word_1_65' title='bbox 1356 813 1473 858; x_wconf 88' lang='lat' dir='ltr'>quae</span> <span class='ocrx_word' id='word_1_66' title='bbox 1515 799 1737 859; x_wconf 83' lang='lat' dir='ltr'>deinceps</span> 
     </span>
     <span class='ocr_line' id='line_1_11' title="bbox 145 863 1736 927; baseline -0.001 -15"><span class='ocrx_word' id='word_1_67' title='bbox 145 868 408 926; x_wconf 87' lang='lat' dir='ltr'>Hungariae</span> <span class='ocrx_word' id='word_1_68' title='bbox 435 881 519 927; x_wconf 92' lang='lat' dir='ltr'>pro</span> <span class='ocrx_word' id='word_1_69' title='bbox 548 881 706 911; x_wconf 76' lang='lat' dir='ltr'>nonna</span> <span class='ocrx_word' id='word_1_70' title='bbox 735 865 835 921; x_wconf 84' lang='lat' dir='ltr'>fuit</span> <span class='ocrx_word' id='word_1_71' title='bbox 877 867 1028 925; x_wconf 85' lang='lat' dir='ltr'>quivis</span> <span class='ocrx_word' id='word_1_72' title='bbox 1076 863 1213 909; x_wconf 80' lang='lat' dir='ltr'>facile</span> <span class='ocrx_word' id='word_1_73' title='bbox 1242 880 1302 909; x_wconf 75' lang='lat' dir='ltr'>ex</span> <span class='ocrx_word' id='word_1_74' title='bbox 1327 864 1533 910; x_wconf 81' lang='lat' dir='ltr'>Historia</span> <span class='ocrx_word' id='word_1_75' title='bbox 1560 866 1736 925; x_wconf 86' lang='lat' dir='ltr'>Legum</span> 
     </span>
     <span class='ocr_line' id='line_1_12' title="bbox 147 932 1733 995; baseline -0.001 -15"><span class='ocrx_word' id='word_1_76' title='bbox 147 941 435 989; x_wconf 59' lang='lat' dir='ltr'>nostraruim</span> <span class='ocrx_word' id='word_1_77' title='bbox 489 941 535 979; x_wconf 88' lang='lat' dir='ltr'>et</span> <span class='ocrx_word' id='word_1_78' title='bbox 580 935 692 995; x_wconf 87' lang='lat' dir='ltr'>ipsis</span> <span class='ocrx_word' id='word_1_79' title='bbox 735 935 935 979; x_wconf 90' lang='lat' dir='ltr'>omnium</span> <span class='ocrx_word' id='word_1_80' title='bbox 985 932 1166 992; x_wconf 83' lang='lat' dir='ltr'>Regum</span> <span class='ocrx_word' id='word_1_81' title='bbox 1208 938 1478 979; x_wconf 86' lang='lat' dir='ltr'>nostrorum</span> <span class='ocrx_word' id='word_1_82' title='bbox 1516 933 1733 979; x_wconf 79' lang='lat' dir='ltr'>Decretis</span> 
     </span>
     <span class='ocr_line' id='line_1_13' title="bbox 150 1001 499 1048; baseline -0.006 0"><span class='ocrx_word' id='word_1_83' title='bbox 150 1001 499 1048; x_wconf 78' lang='lat' dir='ltr'>ammadvertet.</span> 
     </span>
    </p>
   </div>
   <div class='ocr_carea' id='block_1_3' title="bbox 762 1112 1152 1271">
    <p class='ocr_par' dir='ltr' id='par_1_3' title="bbox 762 1112 1152 1271">
     <span class='ocr_line' id='line_1_14' title="bbox 861 1112 1028 1169; baseline 0.012 -13"><span class='ocrx_word' id='word_1_84' title='bbox 861 1114 908 1169; x_wconf 60' lang='grc' dir='ltr'>ξ.</span> <span class='ocrx_word' id='word_1_85' title='bbox 949 1112 1028 1158; x_wconf 89' lang='grc' dir='ltr'>ΙΧ.</span> 
     </span>
     <span class='ocr_line' id='line_1_15' title="bbox 762 1212 1152 1271; baseline 0 -14"><span class='ocrx_word' id='word_1_86' title='bbox 762 1212 863 1258; x_wconf 76' lang='lat' dir='ltr'>Sub</span> <span class='ocrx_word' id='word_1_87' title='bbox 899 1212 1152 1271; x_wconf 58' lang='lat' dir='ltr'>Argouda·</span> 
     </span>
    </p>
   </div>
   <div class='ocr_carea' id='block_1_4' title="bbox 146 1342 1737 2079">
    <p class='ocr_par' dir='ltr' id='par_1_4' title="bbox 146 1342 1737 2079">
     <span class='ocr_line' id='line_1_16' title="bbox 281 1342 1735 1409; baseline 0.002 -19"><span class='ocrx_word' id='word_1_88' title='bbox 281 1344 483 1390; x_wconf 85' lang='lat' dir='ltr'>Nostrae</span> <span class='ocrx_word' id='word_1_89' title='bbox 510 1345 650 1403; x_wconf 89' lang='lat' dir='ltr'>igitur</span> <span class='ocrx_word' id='word_1_90' title='bbox 675 1346 807 1403; x_wconf 88' lang='lat' dir='ltr'>origo</span> <span class='ocrx_word' id='word_1_91' title='bbox 827 1342 1182 1391; x_wconf 88' lang='lat' dir='ltr'>Constitutionis</span> <span class='ocrx_word' id='word_1_92' title='bbox 1209 1348 1314 1392; x_wconf 90' lang='lat' dir='ltr'>inde</span> <span class='ocrx_word' id='word_1_93' title='bbox 1343 1349 1397 1393; x_wconf 86' lang='lat' dir='ltr'>ab</span> <span class='ocrx_word' id='word_1_94' title='bbox 1424 1348 1602 1409; x_wconf 87' lang='lat' dir='ltr'>Arpadi</span> <span class='ocrx_word' id='word_1_95' title='bbox 1630 1348 1735 1393; x_wconf 90' lang='lat' dir='ltr'>Re—</span> 
     </span>
     <span class='ocr_line' id='line_1_17' title="bbox 147 1411 1736 1474; baseline 0 -16"><span class='ocrx_word' id='word_1_96' title='bbox 147 1415 317 1474; x_wconf 88' lang='lat' dir='ltr'>gimine</span> <span class='ocrx_word' id='word_1_97' title='bbox 343 1411 599 1472; x_wconf 88' lang='lat' dir='ltr'>repetenda</span> <span class='ocrx_word' id='word_1_98' title='bbox 626 1411 784 1469; x_wconf 45' lang='lat' dir='ltr'>esst)7</span> <span class='ocrx_word' id='word_1_99' title='bbox 804 1426 921 1472; x_wconf 85' lang='lat' dir='ltr'>quae</span> <span class='ocrx_word' id='word_1_100' title='bbox 943 1412 1276 1473; x_wconf 84' lang='lat' dir='ltr'>qualiscunque</span> <span class='ocrx_word' id='word_1_101' title='bbox 1304 1415 1487 1460; x_wconf 87' lang='lat' dir='ltr'>tandem</span> <span class='ocrx_word' id='word_1_102' title='bbox 1505 1417 1601 1460; x_wconf 85' lang='lat' dir='ltr'>suis</span> <span class='ocrx_word' id='word_1_103' title='bbox 1630 1430 1736 1459; x_wconf 85' lang='lat' dir='ltr'>oum</span> 
     </span>
     <span class='ocr_line' id='line_1_18' title="bbox 147 1479 1727 1541; baseline -0.001 -14"><span class='ocrx_word' id='word_1_104' title='bbox 147 1479 408 1541; x_wconf 90' lang='lat' dir='ltr'>primordiis</span> <span class='ocrx_word' id='word_1_105' title='bbox 449 1493 556 1524; x_wconf 87' lang='lat' dir='ltr'>esse</span> <span class='ocrx_word' id='word_1_106' title='bbox 594 1480 828 1539; x_wconf 62' lang='lat' dir='ltr'>potuerit„</span> <span class='ocrx_word' id='word_1_107' title='bbox 867 1493 1002 1524; x_wconf 89' lang='lat' dir='ltr'>nemo</span> <span class='ocrx_word' id='word_1_108' title='bbox 1039 1486 1191 1525; x_wconf 90' lang='lat' dir='ltr'>tamen</span> <span class='ocrx_word' id='word_1_109' title='bbox 1227 1485 1491 1541; x_wconf 88' lang='lat' dir='ltr'>reperietur</span> <span class='ocrx_word' id='word_1_110' title='bbox 1532 1482 1727 1527; x_wconf 88' lang='lat' dir='ltr'>obtusae</span> 
     </span>
     <span class='ocr_line' id='line_1_19' title="bbox 148 1545 1728 1607; baseline 0.001 -15"><span class='ocrx_word' id='word_1_111' title='bbox 148 1549 265 1594; x_wconf 89' lang='lat' dir='ltr'>adeo</span> <span class='ocrx_word' id='word_1_112' title='bbox 292 1548 475 1602; x_wconf 66' lang='lat' dir='ltr'>mentis,</span> <span class='ocrx_word' id='word_1_113' title='bbox 502 1552 551 1590; x_wconf 92' lang='lat' dir='ltr'>ut</span> <span class='ocrx_word' id='word_1_114' title='bbox 577 1546 662 1591; x_wconf 91' lang='lat' dir='ltr'>sibi</span> <span class='ocrx_word' id='word_1_115' title='bbox 688 1545 988 1606; x_wconf 63' lang='lat' dir='ltr'>persvadeat,</span> <span class='ocrx_word' id='word_1_116' title='bbox 1016 1546 1281 1606; x_wconf 63' lang='lat' dir='ltr'>Hungaros7</span> <span class='ocrx_word' id='word_1_117' title='bbox 1302 1556 1490 1607; x_wconf 86' lang='lat' dir='ltr'>gentem</span> <span class='ocrx_word' id='word_1_118' title='bbox 1516 1562 1728 1605; x_wconf 62' lang='lat' dir='ltr'>nurnero„</span> 
     </span>
     <span class='ocr_line' id='line_1_20' title="bbox 148 1613 1733 1675; baseline -0.001 -14"><span class='ocrx_word' id='word_1_119' title='bbox 148 1623 195 1661; x_wconf 90' lang='lat' dir='ltr'>et</span> <span class='ocrx_word' id='word_1_120' title='bbox 218 1614 385 1661; x_wconf 89' lang='lat' dir='ltr'>bellica</span> <span class='ocrx_word' id='word_1_121' title='bbox 411 1613 680 1658; x_wconf 84' lang='lat' dir='ltr'>fortitudine</span> <span class='ocrx_word' id='word_1_122' title='bbox 706 1615 937 1672; x_wconf 89' lang='lat' dir='ltr'>insignem</span> <span class='ocrx_word' id='word_1_123' title='bbox 956 1617 1194 1675; x_wconf 84' lang='lat' dir='ltr'>occupatis</span> <span class='ocrx_word' id='word_1_124' title='bbox 1216 1616 1322 1672; x_wconf 88' lang='lat' dir='ltr'>jure</span> <span class='ocrx_word' id='word_1_125' title='bbox 1350 1631 1581 1661; x_wconf 87' lang='lat' dir='ltr'>armorum</span> <span class='ocrx_word' id='word_1_126' title='bbox 1610 1615 1733 1660; x_wconf 93' lang='lat' dir='ltr'>alie-</span> 
     </span>
     <span class='ocr_line' id='line_1_21' title="bbox 148 1680 1734 1743; baseline -0.001 -15"><span class='ocrx_word' id='word_1_127' title='bbox 148 1685 218 1728; x_wconf 90' lang='lat' dir='ltr'>nis</span> <span class='ocrx_word' id='word_1_128' title='bbox 237 1717 250 1739; x_wconf 69' lang='lat'>‚</span> <span class='ocrx_word' id='word_1_129' title='bbox 284 1683 436 1741; x_wconf 88' lang='lat' dir='ltr'>iisque</span> <span class='ocrx_word' id='word_1_130' title='bbox 475 1680 769 1740; x_wconf 90' lang='lat' dir='ltr'>amplissimis</span> <span class='ocrx_word' id='word_1_131' title='bbox 795 1681 1103 1740; x_wconf 62' lang='lat' dir='ltr'>Regionibus‚</span> <span class='ocrx_word' id='word_1_132' title='bbox 1143 1684 1320 1727; x_wconf 78' lang='lat' dir='ltr'>cinctos</span> <span class='ocrx_word' id='word_1_133' title='bbox 1348 1683 1549 1743; x_wconf 83' lang='lat' dir='ltr'>undique</span> <span class='ocrx_word' id='word_1_134' title='bbox 1578 1682 1734 1728; x_wconf 86' lang='lat' dir='ltr'>hosti-</span> 
     </span>
     <span class='ocr_line' id='line_1_22' title="bbox 148 1747 1734 1807; baseline -0.001 -12"><span class='ocrx_word' id='word_1_135' title='bbox 148 1750 250 1807; x_wconf 61' lang='lat' dir='ltr'>bus,</span> <span class='ocrx_word' id='word_1_136' title='bbox 278 1748 466 1793; x_wconf 86' lang='lat' dir='ltr'>saeculo</span> <span class='ocrx_word' id='word_1_137' title='bbox 496 1754 541 1792; x_wconf 89' lang='lat' dir='ltr'>et</span> <span class='ocrx_word' id='word_1_138' title='bbox 567 1747 760 1807; x_wconf 89' lang='lat' dir='ltr'>amplius</span> <span class='ocrx_word' id='word_1_139' title='bbox 793 1751 894 1793; x_wconf 91' lang='lat' dir='ltr'>sine</span> <span class='ocrx_word' id='word_1_140' title='bbox 920 1747 1120 1806; x_wconf 73' lang='lat' dir='ltr'>legibus,</span> <span class='ocrx_word' id='word_1_141' title='bbox 1153 1748 1397 1794; x_wconf 86' lang='lat' dir='ltr'>nomadum</span> <span class='ocrx_word' id='word_1_142' title='bbox 1423 1749 1629 1794; x_wconf 85' lang='lat' dir='ltr'>ferorum</span> <span class='ocrx_word' id='word_1_143' title='bbox 1656 1752 1734 1794; x_wconf 88' lang='lat' dir='ltr'>in-</span> 
     </span>
     <span class='ocr_line' id='line_1_23' title="bbox 150 1814 1737 1876; baseline -0.001 -14"><span class='ocrx_word' id='word_1_144' title='bbox 150 1824 261 1871; x_wconf 71' lang='lat' dir='ltr'>star7</span> <span class='ocrx_word' id='word_1_145' title='bbox 288 1817 430 1861; x_wconf 71' lang='lat' dir='ltr'>vitam</span> <span class='ocrx_word' id='word_1_146' title='bbox 458 1817 644 1873; x_wconf 82' lang='lat' dir='ltr'>egisse;</span> <span class='ocrx_word' id='word_1_147' title='bbox 670 1817 863 1859; x_wconf 90' lang='lat' dir='ltr'>vincere</span> <span class='ocrx_word' id='word_1_148' title='bbox 880 1828 1110 1875; x_wconf 89' lang='lat' dir='ltr'>persaepe</span> <span class='ocrx_word' id='word_1_149' title='bbox 1138 1814 1422 1862; x_wconf 85' lang='lat' dir='ltr'>fortissimos</span> <span class='ocrx_word' id='word_1_150' title='bbox 1451 1816 1670 1876; x_wconf 75' lang='lat' dir='ltr'>populos⁷</span> <span class='ocrx_word' id='word_1_151' title='bbox 1690 1822 1737 1860; x_wconf 84' lang='lat' dir='ltr'>et</span> 
     </span>
     <span class='ocr_line' id='line_1_24' title="bbox 149 1880 1736 1942; baseline -0.002 -13"><span class='ocrx_word' id='word_1_152' title='bbox 149 1884 297 1929; x_wconf 83' lang='lat' dir='ltr'>media</span> <span class='ocrx_word' id='word_1_153' title='bbox 337 1884 384 1927; x_wconf 88' lang='lat' dir='ltr'>in</span> <span class='ocrx_word' id='word_1_154' title='bbox 421 1880 607 1941; x_wconf 89' lang='lat' dir='ltr'>Europa</span> <span class='ocrx_word' id='word_1_155' title='bbox 647 1881 859 1941; x_wconf 86' lang='lat' dir='ltr'>Regnum</span> <span class='ocrx_word' id='word_1_156' title='bbox 885 1881 975 1925; x_wconf 83' lang='lat' dir='ltr'>hoo</span> <span class='ocrx_word' id='word_1_157' title='bbox 1001 1888 1091 1926; x_wconf 83' lang='lat' dir='ltr'>tam</span> <span class='ocrx_word' id='word_1_158' title='bbox 1124 1882 1217 1927; x_wconf 84' lang='lat' dir='ltr'>late</span> <span class='ocrx_word' id='word_1_159' title='bbox 1253 1890 1418 1942; x_wconf 88' lang='lat' dir='ltr'>patens</span> <span class='ocrx_word' id='word_1_160' title='bbox 1447 1883 1503 1927; x_wconf 87' lang='lat' dir='ltr'>ad</span> <span class='ocrx_word' id='word_1_161' title='bbox 1529 1882 1736 1942; x_wconf 86' lang='lat' dir='ltr'>Stepha—</span> 
     </span>
     <span class='ocr_line' id='line_1_25' title="bbox 146 1948 1733 2010; baseline -0.002 -13"><span class='ocrx_word' id='word_1_162' title='bbox 146 1966 233 1997; x_wconf 89' lang='lat' dir='ltr'>nea</span> <span class='ocrx_word' id='word_1_163' title='bbox 260 1963 406 2010; x_wconf 89' lang='lat' dir='ltr'>usque</span> <span class='ocrx_word' id='word_1_164' title='bbox 434 1954 642 2009; x_wconf 86' lang='lat' dir='ltr'>tempora</span> <span class='ocrx_word' id='word_1_165' title='bbox 670 1948 845 2009; x_wconf 86' lang='lat' dir='ltr'>absque</span> <span class='ocrx_word' id='word_1_166' title='bbox 872 1948 965 1994; x_wconf 90' lang='lat' dir='ltr'>ulla</span> <span class='ocrx_word' id='word_1_167' title='bbox 995 1954 1122 1994; x_wconf 88' lang='lat' dir='ltr'>certa</span> <span class='ocrx_word' id='word_1_168' title='bbox 1139 1949 1397 2009; x_wconf 87' lang='lat' dir='ltr'>Regiminis</span> <span class='ocrx_word' id='word_1_169' title='bbox 1424 1964 1586 1996; x_wconf 87' lang='lat' dir='ltr'>norma</span> <span class='ocrx_word' id='word_1_170' title='bbox 1613 1950 1733 1995; x_wconf 89' lang='lat' dir='ltr'>reti-</span> 
     </span>
     <span class='ocr_line' id='line_1_26' title="bbox 151 2018 516 2079; baseline -0.016 -14"><span class='ocrx_word' id='word_1_171' title='bbox 151 2033 263 2065; x_wconf 90' lang='lat' dir='ltr'>nere</span> <span class='ocrx_word' id='word_1_172' title='bbox 289 2018 516 2079; x_wconf 88' lang='lat' dir='ltr'>potuisse.</span> 
     </span>
    </p>
   </div>
   <div class='ocr_carea' id='block_1_5' title="bbox 174 2148 1739 2360">
    <p class='ocr_par' dir='ltr' id='par_1_5' title="bbox 174 2148 1739 2360">
     <span class='ocr_line' id='line_1_27' title="bbox 203 2148 1738 2204; baseline 0.001 -15"><span class='ocrx_word' id='word_1_173' title='bbox 203 2151 254 2204; x_wconf 35' lang='grc' dir='ltr'>ἢ)</span> <span class='ocrx_word' id='word_1_174' title='bbox 285 2151 380 2189; x_wconf 82' lang='lat' dir='ltr'>Dux</span> <span class='ocrx_word' id='word_1_175' title='bbox 400 2162 499 2188; x_wconf 85' lang='lat' dir='ltr'>vero</span> <span class='ocrx_word' id='word_1_176' title='bbox 522 2148 664 2198; x_wconf 87' lang='lat' dir='ltr'>Arpad</span> <span class='ocrx_word' id='word_1_177' title='bbox 689 2171 738 2176; x_wconf 83' lang='lat'>—</span> <span class='ocrx_word' id='word_1_178' title='bbox 765 2148 896 2200; x_wconf 88' lang='lat' dir='ltr'>inquit</span> <span class='ocrx_word' id='word_1_179' title='bbox 919 2148 1164 2201; x_wconf 79' lang='lat' dir='ltr'>Anonymus</span> <span class='ocrx_word' id='word_1_180' title='bbox 1187 2149 1230 2203; x_wconf 77' lang='lat'>⁵)</span> <span class='ocrx_word' id='word_1_181' title='bbox 1253 2155 1293 2190; x_wconf 85' lang='lat' dir='ltr'>et</span> <span class='ocrx_word' id='word_1_182' title='bbox 1314 2150 1381 2190; x_wconf 89' lang='lat' dir='ltr'>sui</span> <span class='ocrx_word' id='word_1_183' title='bbox 1404 2150 1570 2200; x_wconf 82' lang='lat' dir='ltr'>milites,</span> <span class='ocrx_word' id='word_1_184' title='bbox 1591 2153 1738 2203; x_wconf 87' lang='lat' dir='ltr'>adepta</span> 
     </span>
     <span class='ocr_line' id='line_1_28' title="bbox 174 2207 1738 2259; baseline 0.002 -15"><span class='ocrx_word' id='word_1_185' title='bbox 174 2222 196 2242; x_wconf 72' lang='grc'>-.</span> <span class='ocrx_word' id='word_1_186' title='bbox 260 2207 434 2246; x_wconf 82' lang='lat' dir='ltr'>victoria</span> <span class='ocrx_word' id='word_1_187' title='bbox 476 2227 528 2233; x_wconf 94' lang='lat'>—</span> <span class='ocrx_word' id='word_1_188' title='bbox 575 2227 627 2232; x_wconf 90' lang='lat'>——</span> <span class='ocrx_word' id='word_1_189' title='bbox 679 2212 879 2244; x_wconf 88' lang='lat' dir='ltr'>venerunt</span> <span class='ocrx_word' id='word_1_190' title='bbox 920 2219 1050 2257; x_wconf 88' lang='lat' dir='ltr'>usque</span> <span class='ocrx_word' id='word_1_191' title='bbox 1091 2207 1142 2245; x_wconf 88' lang='lat' dir='ltr'>ad</span> <span class='ocrx_word' id='word_1_192' title='bbox 1174 2214 1389 2259; x_wconf 83' lang='lat' dir='ltr'>stagnum,</span> <span class='ocrx_word' id='word_1_193' title='bbox 1438 2209 1544 2259; x_wconf 90' lang='lat' dir='ltr'>quod</span> <span class='ocrx_word' id='word_1_194' title='bbox 1588 2209 1738 2247; x_wconf 85' lang='lat' dir='ltr'>dicitur</span> 
     </span>
     <span class='ocr_line' id='line_1_29' title="bbox 259 2260 1739 2314; baseline 0.001 -12"><span class='ocrx_word' id='word_1_195' title='bbox 259 2262 508 2302; x_wconf 82' lang='lat' dir='ltr'>Kurtueltou</span> <span class='ocrx_word' id='word_1_196' title='bbox 542 2260 846 2314; x_wconf 78' lang='lat' dir='ltr'>(Kortvelyto)</span> <span class='ocrx_word' id='word_1_197' title='bbox 880 2286 931 2291; x_wconf 92' lang='lat'><strong>—</strong></span> <span class='ocrx_word' id='word_1_198' title='bbox 965 2285 1017 2291; x_wconf 92' lang='lat'>—-</span> <span class='ocrx_word' id='word_1_199' title='bbox 1051 2268 1088 2302; x_wconf 89' lang='lat' dir='ltr'>et</span> <span class='ocrx_word' id='word_1_200' title='bbox 1120 2263 1161 2302; x_wconf 91' lang='lat' dir='ltr'>in</span> <span class='ocrx_word' id='word_1_201' title='bbox 1194 2264 1266 2303; x_wconf 93' lang='lat' dir='ltr'>illo</span> <span class='ocrx_word' id='word_1_202' title='bbox 1298 2264 1387 2303; x_wconf 84' lang='lat' dir='ltr'>loco</span> <span class='ocrx_word' id='word_1_203' title='bbox 1419 2265 1531 2303; x_wconf 82' lang='lat' dir='ltr'>Dux</span> <span class='ocrx_word' id='word_1_204' title='bbox 1564 2272 1611 2305; x_wconf 82' lang='lat' dir='ltr'>et</span> <span class='ocrx_word' id='word_1_205' title='bbox 1655 2266 1739 2304; x_wconf 88' lang='lat' dir='ltr'>sui</span> 
     </span>
     <span class='ocr_line' id='line_1_30' title="bbox 259 2319 1731 2360; baseline 0.001 -1"><span class='ocrx_word' id='word_1_206' title='bbox 259 2319 481 2359; x_wconf 87' lang='lat' dir='ltr'>Nobiles</span> <span class='ocrx_word' id='word_1_207' title='bbox 530 2319 922 2358; x_wconf 87' lang='lat' dir='ltr'>ordinaverunt</span> <span class='ocrx_word' id='word_1_208' title='bbox 969 2332 1148 2359; x_wconf 89' lang='lat' dir='ltr'>omnes</span> <span class='ocrx_word' id='word_1_209' title='bbox 1194 2322 1731 2360; x_wconf 86' lang='lat' dir='ltr'>consvetudinarias</span> 
     </span>
    </p>
   </div>
   <div class='ocr_carea' id='block_1_6' title="bbox 260 2374 1737 2487">
    <p class='ocr_par' dir='ltr' id='par_1_6' title="bbox 260 2374 1737 2487">
     <span class='ocr_line' id='line_1_31' title="bbox 260 2374 1737 2430; baseline 0 -14"><span class='ocrx_word' id='word_1_210' title='bbox 260 2377 407 2428; x_wconf 86' lang='lat' dir='ltr'>leges</span> <span class='ocrx_word' id='word_1_211' title='bbox 456 2375 648 2425; x_wconf 86' lang='lat' dir='ltr'>Regni,</span> <span class='ocrx_word' id='word_1_212' title='bbox 695 2381 740 2414; x_wconf 85' lang='lat' dir='ltr'>et</span> <span class='ocrx_word' id='word_1_213' title='bbox 772 2376 945 2415; x_wconf 88' lang='lat' dir='ltr'>omnia</span> <span class='ocrx_word' id='word_1_214' title='bbox 981 2374 1106 2428; x_wconf 86' lang='lat' dir='ltr'>jura</span> <span class='ocrx_word' id='word_1_215' title='bbox 1150 2375 1291 2430; x_wconf 89' lang='lat' dir='ltr'>ejus,</span> <span class='ocrx_word' id='word_1_216' title='bbox 1334 2378 1576 2429; x_wconf 88' lang='lat' dir='ltr'>qualiter</span> <span class='ocrx_word' id='word_1_217' title='bbox 1620 2390 1737 2416; x_wconf 83' lang='lat' dir='ltr'>ser-</span> 
     </span>
     <span class='ocr_line' id='line_1_32' title="bbox 260 2431 1737 2487; baseline 0.002 -17"><span class='ocrx_word' id='word_1_218' title='bbox 260 2434 438 2471; x_wconf 86' lang='lat' dir='ltr'>virent</span> <span class='ocrx_word' id='word_1_219' title='bbox 468 2431 618 2478; x_wconf 83' lang='lat' dir='ltr'>Duci‚</span> <span class='ocrx_word' id='word_1_220' title='bbox 649 2431 988 2471; x_wconf 79' lang='lat' dir='ltr'>primoribus</span> <span class='ocrx_word' id='word_1_221' title='bbox 1023 2433 1167 2481; x_wconf 88' lang='lat' dir='ltr'>suis,</span> <span class='ocrx_word' id='word_1_222' title='bbox 1201 2434 1284 2472; x_wconf 90' lang='lat' dir='ltr'>vel</span> <span class='ocrx_word' id='word_1_223' title='bbox 1318 2434 1560 2485; x_wconf 84' lang='lat' dir='ltr'>qualiter</span> <span class='ocrx_word' id='word_1_224' title='bbox 1588 2433 1737 2487; x_wconf 86' lang='lat' dir='ltr'>judi-</span> 
     </span>
    </p>
   </div>
   <div class='ocr_carea' id='block_1_7' title="bbox 246 2488 1738 2714">
    <p class='ocr_par' dir='ltr' id='par_1_7' title="bbox 246 2488 1738 2714">
     <span class='ocr_line' id='line_1_33' title="bbox 261 2488 1738 2553; baseline 0 -25"><span class='ocrx_word' id='word_1_225' title='bbox 261 2489 398 2528; x_wconf 88' lang='lat' dir='ltr'>cium</span> <span class='ocrx_word' id='word_1_226' title='bbox 444 2488 692 2526; x_wconf 78' lang='lat' dir='ltr'>facerent</span> <span class='ocrx_word' id='word_1_227' title='bbox 737 2501 831 2553; x_wconf 78' lang='lat' dir='ltr'>pro</span> <span class='ocrx_word' id='word_1_228' title='bbox 881 2488 1126 2538; x_wconf 86' lang='lat' dir='ltr'>quolibet</span> <span class='ocrx_word' id='word_1_229' title='bbox 1167 2491 1391 2530; x_wconf 83' lang='lat' dir='ltr'>crimine</span> <span class='ocrx_word' id='word_1_230' title='bbox 1433 2491 1738 2538; x_wconf 83' lang='lat' dir='ltr'>commisso,</span> 
     </span>
     <span class='ocr_line' id='line_1_34' title="bbox 261 2544 1734 2599; baseline 0 -14"><span class='ocrx_word' id='word_1_231' title='bbox 261 2553 300 2585; x_wconf 85' lang='lat' dir='ltr'>et</span> <span class='ocrx_word' id='word_1_232' title='bbox 322 2546 452 2584; x_wconf 87' lang='lat' dir='ltr'>locum</span> <span class='ocrx_word' id='word_1_233' title='bbox 487 2544 556 2583; x_wconf 89' lang='lat' dir='ltr'>ubi</span> <span class='ocrx_word' id='word_1_234' title='bbox 586 2544 684 2582; x_wconf 82' lang='lat' dir='ltr'>haec</span> <span class='ocrx_word' id='word_1_235' title='bbox 707 2545 844 2584; x_wconf 87' lang='lat' dir='ltr'>omnia</span> <span class='ocrx_word' id='word_1_236' title='bbox 869 2545 1035 2585; x_wconf 85' lang='lat' dir='ltr'>suerunt</span> <span class='ocrx_word' id='word_1_237' title='bbox 1061 2547 1264 2596; x_wconf 83' lang='lat' dir='ltr'>ordinata,</span> <span class='ocrx_word' id='word_1_238' title='bbox 1295 2547 1485 2599; x_wconf 85' lang='lat' dir='ltr'>Hungari</span> <span class='ocrx_word' id='word_1_239' title='bbox 1511 2549 1734 2586; x_wconf 87' lang='lat' dir='ltr'>seeundum</span> 
     </span>
     <span class='ocr_line' id='line_1_35' title="bbox 246 2601 1734 2656; baseline 0.001 -16"><span class='ocrx_word' id='word_1_240' title='bbox 246 2613 379 2640; x_wconf 72' lang='lat' dir='ltr'>‘suum</span> <span class='ocrx_word' id='word_1_241' title='bbox 429 2601 580 2638; x_wconf 81' lang='lat' dir='ltr'>idioma</span> <span class='ocrx_word' id='word_1_242' title='bbox 625 2602 937 2640; x_wconf 82' lang='lat' dir='ltr'>nominaverunt</span> <span class='ocrx_word' id='word_1_243' title='bbox 984 2604 1154 2642; x_wconf 85' lang='lat' dir='ltr'>Seerii</span> <span class='ocrx_word' id='word_1_244' title='bbox 1202 2603 1347 2654; x_wconf 65' lang='lat' dir='ltr'>(szer)</span> <span class='ocrx_word' id='word_1_245' title='bbox 1396 2605 1502 2656; x_wconf 89' lang='lat' dir='ltr'>quod</span> <span class='ocrx_word' id='word_1_246' title='bbox 1550 2604 1734 2642; x_wconf 86' lang='lat' dir='ltr'>ordinem</span> 
     </span>
     <span class='ocr_line' id='line_1_36' title="bbox 262 2658 1738 2714; baseline 0.003 -18"><span class='ocrx_word' id='word_1_247' title='bbox 262 2659 425 2697; x_wconf 84' lang='lat' dir='ltr'>denotat</span> <span class='ocrx_word' id='word_1_248' title='bbox 449 2678 498 2683; x_wconf 92' lang='lat'>—</span> <span class='ocrx_word' id='word_1_249' title='bbox 525 2669 571 2695; x_wconf 87' lang='lat' dir='ltr'>eo</span> <span class='ocrx_word' id='word_1_250' title='bbox 605 2658 711 2707; x_wconf 87' lang='lat' dir='ltr'>quod</span> <span class='ocrx_word' id='word_1_251' title='bbox 743 2658 800 2697; x_wconf 92' lang='lat' dir='ltr'>ibi</span> <span class='ocrx_word' id='word_1_252' title='bbox 827 2659 1061 2699; x_wconf 87' lang='lat' dir='ltr'>ordinatum</span> <span class='ocrx_word' id='word_1_253' title='bbox 1093 2660 1172 2700; x_wconf 83' lang='lat' dir='ltr'>fuit</span> <span class='ocrx_word' id='word_1_254' title='bbox 1204 2666 1333 2701; x_wconf 88' lang='lat' dir='ltr'>totum</span> <span class='ocrx_word' id='word_1_255' title='bbox 1360 2661 1568 2714; x_wconf 85' lang='lat' dir='ltr'>negotium</span> <span class='ocrx_word' id='word_1_256' title='bbox 1591 2660 1738 2713; x_wconf 80' lang='lat' dir='ltr'>Regni.</span> 
     </span>
    </p>
   </div>
   <div class='ocr_carea' id='block_1_8' title="bbox 186 2841 1733 2936">
    <p class='ocr_par' dir='ltr' id='par_1_8' title="bbox 186 2841 1733 2936">
     <span class='ocr_line' id='line_1_37' title="bbox 186 2841 1733 2891; baseline 0.004 -18.067"><span class='ocrx_word' id='word_1_257' title='bbox 186 2842 306 2881; x_wconf 78' lang='lat' dir='ltr'>³)Op.</span> <span class='ocrx_word' id='word_1_258' title='bbox 333 2841 381 2873; x_wconf 82' lang='lat' dir='ltr'>eit</span> <span class='ocrx_word' id='word_1_259' title='bbox 428 2843 508 2884; x_wconf 85' lang='lat' dir='ltr'>Cap.</span> <span class='ocrx_word' id='word_1_260' title='bbox 544 2841 598 2876; x_wconf 60' lang='grc'><strong>’40-</strong></span> <span class='ocrx_word' id='word_1_261' title='bbox 637 2846 731 2879; x_wconf 80' lang='lat' dir='ltr'>cons.</span> <span class='ocrx_word' id='word_1_262' title='bbox 765 2846 905 2878; x_wconf 74' lang='lat' dir='ltr'>Disser.</span> <span class='ocrx_word' id='word_1_263' title='bbox 933 2847 1029 2878; x_wconf 78' lang='lat' dir='ltr'>nist.</span> <span class='ocrx_word' id='word_1_264' title='bbox 1058 2846 1146 2879; x_wconf 85' lang='lat' dir='ltr'>Crit.</span> <span class='ocrx_word' id='word_1_265' title='bbox 1170 2857 1296 2890; x_wconf 84' lang='lat' dir='ltr'>super.</span> <span class='ocrx_word' id='word_1_266' title='bbox 1333 2847 1547 2891; x_wconf 81' lang='lat' dir='ltr'>quibusdam</span> <span class='ocrx_word' id='word_1_267' title='bbox 1574 2846 1733 2880; x_wconf 76' lang='lat' dir='ltr'>vetustis</span> 
     </span>
     <span class='ocr_line' id='line_1_38' title="bbox 251 2888 1112 2936; baseline 0.012 -18"><span class='ocrx_word' id='word_1_268' title='bbox 251 2897 320 2920; x_wconf 82' lang='lat' dir='ltr'>1er.</span> <span class='ocrx_word' id='word_1_269' title='bbox 348 2888 452 2931; x_wconf 79' lang='lat' dir='ltr'>hung.</span> <span class='ocrx_word' id='word_1_270' title='bbox 482 2890 564 2932; x_wconf 85' lang='lat' dir='ltr'>Cap.</span> <span class='ocrx_word' id='word_1_271' title='bbox 590 2890 688 2925; x_wconf 83' lang='lat' dir='ltr'>Diss.</span> <span class='ocrx_word' id='word_1_272' title='bbox 718 2891 750 2924; x_wconf 88' lang='lat'>1.</span> <span class='ocrx_word' id='word_1_273' title='bbox 775 2892 861 2934; x_wconf 76' lang='lat' dir='ltr'>Pag.</span> <span class='ocrx_word' id='word_1_274' title='bbox 890 2894 920 2926; x_wconf 95' lang='grc'>1</span> <span class='ocrx_word' id='word_1_275' title='bbox 948 2902 1025 2936; x_wconf 77' lang='lat' dir='ltr'>usq.</span> <span class='ocrx_word' id='word_1_276' title='bbox 1053 2894 1112 2928; x_wconf 77' lang='lat'>20.</span> 
     </span>
    </p>
   </div>
  </div>
 </body>
</html>
