1941 3143
226 117 318 165 104

217 229 605 294 Archiepiscopis
639 230 934 288 Pazmanno,
980 229 1223 293 Lippayo,
1270 237 1316 279 et
1354 232 1524 280 Lozsio
1565 237 1807 298 ampliora,

216 301 460 361 :magisque
488 299 668 345 stabilia
696 301 1082 344 nanciscerentur
1108 301 1402 346 incrementa
1434 301 1611 348 Primus
1638 307 1808 367 quippe

216 366 403 412 illorum
451 366 814 413 Universitatem
863 367 1266 427 Tyrnaviensem,
1339 371 1575 428 assignata
1626 380 1808 420 centum

219 433 408 479 millium
449 433 750 480 rhenensium
792 432 927 490 dote,
978 432 1264 495 vulgatoque
1305 436 1487 482 solenni
1538 437 1808 499 diplomate,

219 501 342 562 quod
367 501 685 547 Ferdinandus
734 500 790 545 11.
831 507 978 545 ratum
1023 500 1194 559 habuit,
1233 518 1352 548 anno
1385 506 1526 550 1635.
1567 505 1808 565 fundavit3

215 570 511 630 posteriores
538 568 631 620 bini
658 568 943 614 dotationem
971 568 1161 628 quilibet
1200 571 1245 615 in
1284 573 1511 617 seorsivis
1549 575 1809 633 quindecim

217 635 417 682 millibus
445 637 678 696 augendo,
705 635 883 681 Jurium
911 635 1154 687 cathedras
1183 637 1415 695 adjecere.
1444 638 1678 701 Insignem
1695 641 1814 688 hanc

218 703 265 748 in
290 702 489 760 litteras,
528 710 574 749 et
597 704 792 766 patriam
829 705 1049 765 pietatem
1075 702 1304 750 Proceres
1344 705 1419 750 alii
1457 710 1605 765 sacri,
1643 709 1811 770 profa—

217 772 358 830 nique
411 765 615 829 ordinis,
666 772 837 817 erectis
884 770 1090 832 pluribus
1131 786 1215 832 per
1263 772 1475 832 Regnum
1524 776 1810 834 AcademiiS,

221 837 510 898 GymnasiiS,
572 846 619 885 et
673 840 914 899 utriusque
964 853 1106 884 sexus
1159 838 1518 897 Contuberniis,
1581 846 1811 902 gratuitae

219 907 513 965 egentiorum
539 905 823 952 Institutioni
861 905 1199 961 deservituris,
1238 908 1432 965 egregie
1472 922 1667 967 prorsus
1706 918 1813 956 sunt

218 972 514 1034 aemulati*),
552 987 738 1035 semper
778 980 957 1028 tamen,
996 972 1121 1032 quod
1153 972 1232 1017 vel
1271 972 1409 1017 allata
1449 988 1474 1018 a
1514 976 1673 1035 primis
1713 978 1814 1021 ini-

216 1041 292 1085 tiis
344 1042 390 1085 in
429 1047 729 1101 praesentem
769 1046 968 1085 aetatem
1006 1038 1220 1099 exempla
1261 1039 1583 1101 comprobant,
1632 1043 1813 1104 Regum

215 1107 297 1153 vel
323 1115 484 1169 aperta
511 1107 882 1164 confirmatione,
908 1105 987 1152 vel
1027 1108 1167 1151 tacito
1210 1107 1464 1153 accedent-e
1493 1123 1744 1156 consensu.

273 1190 322 1243 ³¹¹)
356 1189 423 1229 Sic
454 1201 553 1228 sane
585 1186 629 1228 se
662 1201 728 1228 res
762 1188 907 1228 habet:
943 1201 1301 1240 quorsumcunque
1329 1203 1403 1241 per
1426 1203 1601 1237 omnem,
1634 1204 1711 1243 qua
1736 1191 1814 1232 late

330 1251 441 1298 patet
472 1245 730 1299 Hungariam
764 1245 906 1284 oculos
939 1245 1286 1295 circumferimus,
1319 1247 1495 1298 unquue
1527 1248 1646 1288 nobis
1672 1255 1813 1300 pater-

327 1315 402 1342 nae
429 1302 596 1344 illorum
622 1303 662 1341 in
695 1302 960 1342 Juventutem
995 1301 1283 1342 scholasticam
1311 1315 1445 1352 curae,
1475 1305 1654 1356 undique
1684 1319 1812 1345 vene-

330 1360 460 1399 randa
493 1360 534 1399 in
567 1359 856 1408 scientiarum,
910 1359 1188 1410 bonarumque
1219 1359 1369 1399 artium
1403 1360 1603 1400 culturam
1638 1375 1812 1414 promo-

330 1418 501 1456 vendam
545 1415 833 1456 beneficentiae
882 1425 1145 1455 monumenta
1189 1422 1424 1456 occurrunt.
1486 1418 1579 1458 Non
1622 1421 1811 1459 excedam

330 1479 474 1522 metas,
504 1473 714 1524 praesenti
746 1472 863 1524 operi
895 1473 1190 1523 praestitutas,
1223 1474 1345 1526 longa
1376 1474 1483 1513 serie
1514 1478 1811 1526 pen-censendo,

330 1535 428 1581 quot
458 1529 665 1569 milliones
697 1530 738 1568 in
771 1529 1038 1569 sacerrimum
1071 1530 1177 1569 bunc
1218 1529 1335 1569 finem
1378 1543 1600 1571 conversae
1634 1533 1808 1584 fuerint3

331 1599 472 1626 verum
505 1599 693 1637 cuperem
727 1598 977 1639 consurgere
1010 1586 1186 1637 aliquem
1220 1588 1268 1625 ad
1297 1589 1572 1628 retundendas
1596 1589 1810 1628 Zoilorum

330 1644 623 1682 modernorum
655 1642 909 1690 calumnias,
957 1643 1025 1694 qui
1066 1656 1141 1694 pro
1186 1643 1425 1683 incessabili
1467 1657 1543 1683 suo
1588 1645 1629 1684 in
1663 1654 1811 1685 certam

331 1700 496 1740 Civium
532 1699 707 1739 classem
742 1700 852 1748 odio,
895 1698 1186 1739 beneficiorum
1235 1707 1273 1739 et
1305 1701 1549 1751 retroactis,
1595 1708 1633 1741 et
1665 1716 1812 1742 recen-

328 1756 508 1796 tioribus
541 1755 801 1807 temporibus
846 1755 1022 1807 profusa
1064 1756 1183 1807 plane
1226 1756 1474 1796 liberalitate
1506 1757 1548 1797 in
1580 1771 1698 1798 seros
1730 1771 1811 1810 po-

328 1820 464 1852 steros
497 1813 779 1852 derivatorum
811 1813 1023 1852 recordari
1059 1812 1217 1852 nolunt.
1249 1815 1381 1864 Atque
1413 1814 1492 1853 ista
1530 1814 1648 1866 plane
1682 1820 1810 1854 aetate

329 1875 481 1909 statum
515 1869 857 1917 ecclesiasticum,
890 1876 928 1908 et
947 1868 1179 1920 Optimates
1212 1871 1357 1909 acerbe
1390 1869 1557 1921 culpare
1592 1884 1672 1910 non
1704 1883 1808 1909 eru-

330 1927 515 1975 bescunt,
549 1939 627 1977 qua
658 1926 841 1978 Lyceum
875 1926 1092 1976 Agrienoe,
1128 1925 1315 1975 Quinque
1351 1926 1624 1973 Ecclesiense,
1657 1927 1809 1966 Teme-

328 1983 480 2029 siense,
512 1988 651 2032 totque
683 1981 766 2020 alia
797 1994 887 2020 cum
920 1981 1079 2020 Studiis
1111 1980 1442 2030 philosophicis,
1473 1989 1512 2020 et
1543 1983 1808 2033 Theologicis

328 2052 402 2089 per
432 2038 665 2088 Episcopos
709 2037 880 2076 fundata
911 2049 1199 2083 numeramus;
1242 2049 1320 2088 qua
1351 2038 1594 2077 Academiae
1630 2039 1808 2078 Militari

326 2095 618 2142 Ludoviceae,
659 2098 698 2132 et
728 2093 913 2132 eruditae
956 2093 1228 2145 hungaricae,
1275 2099 1358 2131 tum
1391 2094 1539 2133 Museo
1569 2095 1808 2142 Nationali3

329 2151 470 2191 multis
504 2150 677 2201 denique
711 2150 817 2188 varii
849 2150 1012 2201 generis
1046 2149 1222 2200 publicis
1256 2149 1486 2198 Institutis,
1518 2151 1809 2190 scholasticis-

330 2222 404 2259 que
439 2207 659 2258 stipendiis
692 2206 812 2257 plura
843 2212 1011 2245 centena
1042 2206 1171 2245 millia
1202 2219 1400 2257 quaeso
1435 2218 1458 2244 a
1490 2207 1683 2258 quibus
1716 2221 1805 2259 po-

329 2264 607 2304 tossimum
649 2264 858 2314 impensa,
889 2263 1161 2314 sacrataque?
1194 2265 1344 2302 recenti
1374 2264 1571 2302 memoria
1609 2270 1806 2304 tenemuS.

333 2321 557 2360 Dixeris
619 2320 914 2372 ingratum,
976 2320 1189 2358 dixeris
1246 2333 1398 2360 omne
1443 2320 1652 2362 malum!
1701 2320 1808 2359 Vere

333 2378 547 2418 Phaedrus
579 2377 780 2425 „sinistra
812 2389 914 2427 quos
947 2377 986 2415 in
1021 2376 1148 2416 lucem
1181 2376 1338 2416 Natura
1370 2377 1537 2427 extulit,
1578 2389 1650 2416 nec
1682 2377 1807 2428 quid-

334 2447 484 2486 ,‚quam
516 2438 709 2485 possunt,
742 2433 825 2472 nisi
856 2433 1047 2472 meliores
1079 2436 1292 2485 carpere.“

909 2557 956 2613 §.
996 2558 1109 2605 493.

220 2658 435 2707 Tandem
476 2666 598 2716 post
643 2659 817 2711 Arum,
876 2658 1256 2716 Gem'toremqne
1304 2657 1578 2715 Aufflcstos,
1638 2656 1806 2703 Maria

892 2741 1139 2785 leeresz‘a.

354 2853 425 2899 Ex
463 2865 553 2916 quo
593 2851 776 2898 tandem
802 2851 1053 2913 Hungaria,
1076 2852 1227 2898 Turca
1252 2850 1374 2898 illius
1400 2847 1566 2897 finibus
1593 2847 1805 2911 depuISO,
