1941 3143
211 65 309 112 214

213 177 438 231 stituere,
477 177 641 237 partim
670 177 943 232 continuas,
972 175 1133 235 quales
1161 175 1205 221 in
1233 178 1449 239 exemplo
1479 185 1610 223 sunt:
1652 192 1806 224 oeco—

210 245 456 297 uomicam
497 250 542 288 et
583 244 898 305 orphanales‚
938 243 1016 288 vel
1059 245 1311 289 occasione
1357 245 1550 305 quadam
1593 246 1803 306 speciali,

211 326 307 357 non
354 325 501 371 pauca
553 314 720 367 etiam,
761 319 991 371 tamquam
1029 312 1218 355 minoris
1261 316 1511 368 momenti,
1563 313 1641 358 vel
1680 313 1803 373 quod

213 393 390 425 moram
431 393 523 423 non
567 378 753 433 ferant„
794 385 869 423 aut
909 378 1193 440 peculiarem
1232 379 1612 426 deliberationem
1655 395 1805 442 neque

216 448 501 507 deposcant„
543 448 586 490 in
613 446 972 506 particularibus
1001 446 1456 506 Congregationibus
1485 448 1656 492 assumi
1683 462 1806 494 con-

215 517 434 561 svevisse
461 515 793 574 praemiseram
819 513 890 572 ἤ).
910 513 1050 572 Cujus
1080 520 1230 559 tamen
1258 516 1299 559 in
1325 522 1557 576 potestate
1587 531 1676 560 non
1705 522 1807 561 erat

216 581 453 642 generalis
483 580 757 627 Conventus
785 581 1103 627 sanctionibus
1141 580 1370 641 derogare
1414 583 1483 642 ‘Os
1524 585 1612 628 imo
1635 618 1645 630 .
1688 598 1806 644 quae

216 650 292 696 illa
321 648 663 706 determinavit,
695 651 782 695 iste
810 651 944 707 justis
972 664 997 695 e
1025 648 1476 695 considerationibus
1505 650 1622 696 baud
1652 651 1805 696 infre-

217 723 414 778 quenter
439 719 679 762 immutare
706 724 914 779 poterat„
954 732 1042 763 nec
1080 718 1372 778 particularis
1412 718 1804 778 Congregationis

218 785 375 830 decisa
394 819 406 842 ,
447 791 690 844 antequam
716 800 801 846 per
828 785 1097 845 generalem
1124 785 1485 842 ratihabcantur,
1516 785 1657 831 robur
1685 801 1805 832 con—

217 855 373 898 tinuae
405 851 632 897 firmitatis
660 855 928 899 sortiuntur.

278 934 327 988 ²³⁸)
359 933 403 972 ln
451 933 635 984 exemplo
680 934 883 982 Militiae,
947 933 1008 971 vel
1055 932 1313 984 publicorum
1359 938 1695 984 transpmtuum,
1739 945 1811 984 per

335 990 584 1030 comitatum
640 990 1011 1041 proficiscentium,
1072 991 1415 1038 accommodatio,
1477 996 1545 1028 aut
1605 990 1809 1040 promotio

331 1048 635 1098 publicationes
668 1060 806 1085 rerum
851 1048 1118 1098 perditarum,
1151 1048 1418 1086 terminorum
1452 1047 1701 1094 edictalium,
1734 1059 1811 1084 va-

333 1104 646 1155 gabundmum,
692 1103 920 1143 aliorumve
953 1111 1264 1154 suspectorum,
1312 1104 1375 1143 vet
1408 1104 1702 1155 profugorum,
1743 1108 1813 1142 aut

333 1160 518 1200 collectio
551 1160 893 1201 cliaritativarum
926 1161 1201 1201 Simbolarum
1235 1162 1284 1201 ab
1320 1161 1455 1201 altiori
1491 1161 1577 1200 loco
1611 1161 1810 1200 admissa.

920 1267 969 1324 ὃ.
1011 1267 1122 1314 691.

723 1365 1070 1426 conclusaque
1099 1365 1310 1425 ferendi.

360 1462 483 1508 Intra
525 1462 708 1508 debitae
761 1466 1011 1510 activitatis
1070 1464 1238 1509 limites
1290 1470 1506 1510 votorum
1551 1463 1813 1525 pluralitate

225 1529 475 1586 conclusa7
515 1531 877 1592 protocolloque
917 1532 1073 1588 illata‚
1114 1534 1252 1577 etiam
1290 1546 1374 1592 pro
1416 1531 1682 1576 absentibus
1720 1534 1814 1577 vim

224 1597 526 1656 obligativam
554 1598 824 1644 exerebant.
867 1600 1013 1654 Quum
1041 1606 1192 1644 autem
1223 1602 1266 1644 in
1295 1602 1417 1644 omni
1445 1598 1697 1659 Republica
1727 1601 1814 1643 rite

224 1664 434 1710 ordinata
457 1699 469 1721 7
511 1665 635 1710 nulla
665 1668 723 1710 sit
759 1666 1017 1726 Regiminis
1045 1681 1181 1728 pars„
1223 1681 1341 1727 quae
1378 1681 1640 1727 supremam
1677 1667 1816 1711 Prin-

223 1734 340 1793 cipis
369 1735 531 1779 summi
556 1734 931 1794 inspectionem.
973 1741 1017 1779 et
1055 1736 1340 1779 revisionem
1381 1734 1619 1778 ell'ieacem
1647 1733 1817 1779 exelu-

228 1798 304 1844 dat
331 1801 481 1859 (444)
501 1836 513 1857 ‚
552 1802 714 1845 mirum
742 1816 835 1847 non
865 1808 936 1847 est
955 1836 966 1857 a
1007 1802 1123 1847 haec
1151 1816 1335 1862 quoque
1364 1801 1671 1847 Comitatuum
1693 1801 1817 1846 Pro-

222 1866 397 1912 toeolla
423 1868 602 1928 Regiae
628 1868 862 1926 Majestati
881 1903 892 1924 a
918 1870 1021 1926 jure
1048 1884 1131 1928 per
1158 1884 1289 1914 usum
1318 1871 1468 1929 ipsum
1494 1868 1815 1929 comprobato,

226 1933 378 1981 medio
406 1936 623 1997 Supremi
648 1935 840 1982 Comitis
868 1936 1104 1982 substerni
1132 1935 1364 1980 debuisse.

933 2070 980 2125 ς.
1021 2071 1132 2116 692.

461 2170 761 2229 Sz'nffldaws
803 2170 1135 2216 Conn'lamum,
1172 2170 1581 2225 Praeroyale'rae.

366 2269 561 2315 Praeter
586 2270 668 2314 Jus
712 2269 891 2315 Statuta
919 2267 1176 2322 condendi„
1216 2273 1261 2311 et
1306 2265 1578 2311 Judicialem
1604 2263 1822 2310 Admini-

233 2339 503 2383 strationem
534 2344 623 2382 tam
662 2338 877 2383 civilem*
919 2350 1051 2395 quam
1092 2334 1405 2378 criminalem.
1446 2347 1580 2392 quam
1617 2331 1823 2376 Jurisdi-

232 2404 461 2449 ctionibus
490 2405 642 2464 Regni
669 2418 728 2448 ex
755 2403 911 2448 indole
940 2402 1202 2447 attributam
1229 2400 1426 2445 vIdimus
1455 2399 1625 2458 (681)
1653 2398 1824 2443 habent

231 2470 485 2515 Comitatus
511 2471 680 2531 singuli
695 2469 953 2516 Archivum
995 2469 1057 2526 ι’)
1077 2468 1379 2527 Sigillumque
1408 2466 1719 2512 authenticum
1761 2467 1822 2523 Ἴ,

228 2553 254 2583 a
280 2537 430 2598 Regia
456 2538 704 2594 Majestate
744 2552 1051 2591 eoncessum;
1093 2535 1522 2594 Congregationum
1561 2534 1822 2578 auctorita—

230 2612 323 2650 tem
361 2619 445 2666 per
484 2605 706 2652 indecens
756 2605 953 2663 dietum,
1005 2610 1081 2649 aut
1118 2603 1292 2649 sactum
1337 2601 1528 2648 laedere
1566 2607 1817 2657 attentans⁷

271 2717 303 2750 a)
332 2717 434 2750 1723.
462 2717 518 2749 58.

270 2772 308 2814 b)
335 2774 436 2806 1765.
466 2774 518 2806 11.

274 2827 309 2872 c)
337 2831 438 2865 1550.
465 2830 520 2864 62.
