1941 3143
1577 114 1669 163 125

90 240 182 279 tum
210 230 387 278 scilicet
414 245 544 286 eum,
583 231 659 291 qui
687 228 742 276 ad
784 229 1053 290 erigendum
1094 233 1357 289 separatum
1391 227 1670 275 Banderium

91 298 440 361 requirebatur,
477 312 715 343 numerum
743 298 1036 344 effecissent:
1067 295 1221 351 Quare
1250 294 1398 341 simile
1427 293 1667 342 educendo

90 369 188 430 pari
224 365 606 412 Banderiati
645 379 847 422 nomen,
887 372 933 411 et
981 366 1027 409 in
1065 363 1319 424 hungarico
1369 363 1666 425 compellatio

92 433 344 493 „Zaszlo
363 447 384 479 s
424 432 532 479 Ur“
575 439 679 478 actu
706 435 751 479 in
777 448 863 479 usu
902 434 1080 494 posita,
1120 431 1332 494 idemque
1367 432 1666 492 grammatice

93 500 340 562 designans
367 500 552 546 indubie
581 500 804 546 adhaesit.

146 597 194 652 ³³)
225 598 303 637 Per
331 596 466 648 regale
509 597 752 638 Banderium
797 597 1037 648 quandoque
1078 595 1285 635 Vexillum
1318 596 1358 635 in
1395 594 1529 648 legum
1563 593 1671 634 arti-

200 654 302 694 culis
334 653 589 706 subintelligi
612 654 652 706 η)
685 655 868 703 admitto,
902 654 1027 693 multo
1052 658 1184 692 tamen
1213 652 1467 705 frequentius
1495 659 1670 692 turmam

201 711 277 751 sub
307 710 382 750 hoc
413 710 533 762 signo
565 710 819 751 militantem.

519 803 538 819 9

797 851 843 906 ὃ.
885 851 996 897 532.

552 950 633 997 Ad
662 949 969 996 Banderz‘um
1005 946 1206 1007 Reyale.

225 1047 383 1107 Reges
423 1047 479 1093 ad
522 1047 799 1094 servandam
836 1046 1075 1103 Militiam,
1124 1059 1242 1106 quae
1277 1044 1470 1104 Regalis
1504 1067 1572 1076 —
1608 1043 1674 1088 uti

93 1113 299 1159 dixeram
341 1140 408 1148 —-
442 1114 658 1160 Banderii
697 1116 881 1160 nomine
930 1119 1158 1169 venerat,
1211 1112 1360 1158 fuisse
1402 1110 1673 1167 obstrictos,

93 1180 340 1228 ostendunt
364 1182 566 1227 Decreta
592 1189 699 1243 post
724 1180 1065 1242 Sigismundum
1103 1181 1315 1242 proxima
1356 1177 1400 1236 ¹’)
1421 1213 1433 1236 ,
1472 1177 1674 1238 indeque

92 1264 117 1293 a
142 1247 379 1294 Vladislao
424 1249 481 1305 ⁰),
508 1256 554 1294 et
579 1249 818 1295 Ludovico
848 1249 903 1294 ΙΙ.
948 1247 990 1306 d)
1026 1250 1135 1293 item
1162 1262 1186 1292 a
1211 1245 1504 1292 Ferdinando
1531 1245 1565 1290 Ι.
1609 1245 1673 1303 ⁶),

91 1330 145 1360 ac
168 1321 334 1375 postea
363 1315 547 1361 condita
591 1315 648 1373 f).
689 1318 912 1361 Statuitur
938 1318 1148 1360 nimirum
1175 1313 1289 1359 illis:
1331 1313 1391 1359 Ut
1416 1313 1521 1359 Rex
1544 1312 1675 1357 Ban-

90 1381 265 1427 derium
304 1397 467 1439 suum,
507 1382 629 1443 quod
668 1383 791 1428 mille
835 1382 1078 1428 constabat
1118 1381 1347 1442 equitibus
1391 1381 1468 1438 g),
1508 1381 1674 1439 erigat,

87 1457 388 1510 paratumque
428 1457 618 1506 servet,
659 1457 796 1511 atque
825 1452 920 1495 suis
957 1450 1180 1496 sumtibus
1217 1450 1513 1494 interteneat.
1556 1448 1676 1501 Quin

88 1519 178 1562 imo
207 1517 427 1563 articulos
468 1532 529 1563 ex
568 1520 819 1563 occasione
859 1516 934 1562 hic
972 1517 1246 1563 subnotatos
1275 1516 1498 1561 scrutanti
1523 1514 1674 1576 palam

89 1583 194 1641 fiet,
232 1583 364 1646 plura
403 1586 540 1630 etiam
576 1584 807 1630 Banderia
842 1586 1002 1644 regia,
1041 1581 1126 1630 sin'
1165 1589 1465 1639 constanter,
1505 1596 1566 1627 ex
1589 1595 1674 1626 ra-

89 1653 216 1697 tione
243 1658 371 1697 certe
396 1654 695 1698 necessitatis
736 1652 899 1697 eodem
926 1659 1137 1712 tempore
1178 1650 1470 1710 frequentius
1496 1650 1675 1710 persti-

89 1720 219 1764 tisse.
239 1718 372 1773 Quod
390 1733 502 1780 prae
522 1722 721 1765 caeteris
748 1719 824 1764 illa
845 1718 1045 1763 Ladislai
1063 1716 1296 1778 posthumi
1314 1716 1558 1777 dispositio
1602 1714 1671 1773 Ὃς

90 1791 183 1845 „ut
231 1793 694 1845 cognoscatur,
747 1792 899 1846 quot
949 1784 1258 1830 Banderia
1304 1783 1550 1843 regalia
1603 1781 1674 1827 de

91 1852 530 1912 „proventibus
588 1852 921 1913 regalibus
973 1852 1182 1898 levari
1231 1850 1512 1911 possint“
1566 1849 1673 1895 dein

88 1933 249 1964 norma
289 1922 672 1966 exercituationis
712 1934 796 1981 per
835 1918 1178 1980 Sigismundum
1212 1918 1485 1979 praestituta
1525 1915 1578 1974 ak)
1618 1915 1675 1962 ad

90 1985 272 2031 oculum
299 1989 531 2033 evincunt.

142 2082 193 2136 *)
230 2081 342 2129 Quae
374 2082 467 2122 licet
499 2083 829 2135 propositionum
872 2083 1078 2135 regiarum
1111 2081 1287 2134 speciem
1320 2081 1497 2131 referat,
1539 2086 1674 2121 tamen

200 2145 343 2190 postea
386 2139 427 2178 in
474 2139 632 2192 legibus
679 2140 852 2192 regestri
899 2139 1061 2179 nomine
1103 2139 1309 2190 repetitim
1341 2137 1673 2190 provocaturi).

200 2195 365 2235 Detexit
396 2203 700 2236 monumentum
732 2197 822 2246 hoc,
853 2197 923 2237 diu
956 2196 1114 2236 frustra
1145 2196 1401 2248 quaesitum,
1442 2195 1550 2235 inter
1585 2194 1675 2235 Co-

205 2251 317 2292 mitis
359 2253 547 2305 Szaparii
600 2254 886 2307 Manuscripta
935 2253 1048 2294 felici
1079 2258 1226 2294 eventu
1266 2251 1528 2303 Kovachich,
1558 2257 1676 2304 atque

129 2399 162 2438 ὃ)
188 2401 227 2434 ln
254 2403 419 2446 exemplo
445 2402 547 2438 1435.
574 2403 605 2437 4.

128 2454 165 2495 ¹³)
193 2456 293 2492 1454.
319 2461 350 2493 2.

133 2512 164 2550 ⁰)
193 2512 294 2548 1498.
319 2518 376 2550 21.

133 2566 166 2610 ¹³)
195 2572 294 2605 1526.
321 2576 352 2606 5.
379 2578 415 2607 et
440 2575 472 2607 8.

133 2627 165 2667 e)
194 2628 293 2661 1533.
319 2630 375 2662 20.

131 2681 168 2724 s)
197 2685 297 2716 1595.
324 2685 355 2717 2.
380 2701 425 2706 —
451 2686 551 2718 1601.
581 2687 611 2718 5.
649 2704 684 2710 -
712 2685 813 2718 1622.
840 2685 896 2717 21.

132 2743 166 2780 8)
194 2741 293 2774 1492.
319 2742 376 2774 21.

131 2797 166 2839 h)
195 2798 292 2831 1452.
320 2800 352 2832 2.

141 2855 167 2895 i)
195 2855 294 2890 1454.
321 2857 352 2889 3.
377 2870 420 2877 -
441 2855 543 2889 1500.
569 2855 625 2888 22.
651 2855 811 2888 -1518.
837 2855 868 2887 2.
895 2853 925 2894 §.
952 2851 984 2885 4.
1013 2852 1127 2886 Conv.
1154 2849 1259 2885 Βὲὒε.
