1941 3143
138 99 202 145 30

135 209 370 258 dubitandi
401 210 731 259 subministrat.
772 227 906 273 quum
949 212 1139 257 Graecis
1172 225 1258 272 pro
1290 211 1433 269 Savo⁷
1473 213 1725 276 Dravoque

133 278 359 406 imvm')
397 279 647 337 Salium,
733 280 811 325 Dr
830 296 853 325 a
871 279 897 325 h
914 295 939 324 u
958 294 1126 340 mque
1189 278 1397 325 scribere
1425 314 1437 337 ‚
1500 280 1724 328 familiare

155 348 276 393 uerit
317 355 332 371 ³
366 383 375 391 .

289 531 347 575 In
387 528 543 573 le‘lulz‘s
577 531 768 586 Reffltm
804 539 918 574 ame
954 530 1193 575 ,ilatlziam
1227 529 1367 574 haud
1388 532 1571 578 rz‘se'tzer.

267 625 461 681 Quidvis
503 625 558 671 de
587 625 676 672 hoc
704 627 777 683 sit.
819 626 942 687 quod
969 642 1043 674 ρο.
1085 642 1173 687 quo
1203 635 1306 672 actu
1350 641 1427 672 res
1454 627 1560 674 loco
1600 636 1722 685 sunt,

131 692 240 739 nihil
268 695 533 739 mutationis
554 692 773 740 Coronae
800 694 986 740 Juribus
1008 693 1187 746 adfert;
1216 696 1365 741 notari
1395 694 1541 740 adhuc
1564 712 1724 741 mere-

131 768 225 806 tur:
267 761 564 808 Sclavoniam
594 776 736 822 saepe
762 770 896 808 antea
930 777 1013 823 per
1039 762 1227 809 Fratres
1246 797 1257 819 ,
1298 770 1341 807 ct
1374 762 1517 808 Filios
1546 764 1723 824 Regum

130 829 335 874 Ducatus
378 829 507 874 titulo
548 837 736 875 tentam.
779 832 966 891 saepIus
1003 845 1087 891 per
1137 830 1292 876 Banos
1343 830 1723 887 administratam,

130 903 236 941 ante
267 895 468 942 Mathiae
497 896 529 940 I.
562 903 770 958 tempora
788 900 998 958 nuspiam
1039 899 1080 942 in
1114 898 1303 956 Legum.
1333 896 1723 958 diplomatumque

130 963 338 1010 exordiis
378 978 479 1010 cum
510 963 703 1026 reliquis
730 964 1001 1025 Regnorum
1041 964 1184 1010 titulis
1218 978 1507 1025 comparere.

863 1063 909 1117 ὃ.
952 1064 996 1109 9.

825 1146 1046 1191 Oroatia.

266 1228 516 1286 Croatiam7
536 1241 626 1290 quo
658 1242 779 1274 nunc
806 1228 943 1273 etiam
970 1227 1123 1286 Regio
1155 1226 1211 1272 ad
1243 1225 1451 1290 Colapim
1480 1233 1721 1289 protensa„

130 1305 174 1344 et
202 1297 314 1343 alias
335 1299 552 1358 superior
580 1296 831 1343 Sclavonia
858 1297 1110 1341 nominata.
1147 1297 1366 1355 pertinet.
1394 1302 1581 1356 praeter
1613 1293 1722 1355 pla-

126 1379 211 1423 gas
254 1366 354 1423 ejus
384 1371 643 1414 montosas„
685 1366 890 1423 marique
928 1362 1118 1408 adsitas,
1155 1363 1329 1423 primus
1365 1363 1631 1422 Hungariae
1673 1361 1718 1405 S.

125 1432 367 1478 Ladislaus
403 1432 584 1490 adjecit.
620 1431 663 1477 Is
693 1437 800 1492 post
828 1431 1089 1475 exstinctos
1132 1429 1415 1476 domesticos
1448 1429 1719 1475 Croatarum

128 1501 304 1560 Reges.
336 1515 530 1561 quorum
556 1501 763 1546 ultimum
790 1498 1190 1544 aliinonimirum
1233 1496 1295 1555 b).
1317 1497 1599 1559 Stephanum
1627 1495 1720 1551 alii„

131 1569 396 1614 Crescimiri
424 1568 569 1627 Regis
595 1566 825 1628 Nepotem
854 1565 1000 1612 fuisse
1029 1570 1250 1620 statuunt.
1291 1565 1348 1611 ob
1376 1578 1588 1624 magnam
1627 1576 1720 1608 no-

132 1638 282 1693 minis,
317 1637 597 1696 virtutisque
638 1635 1047 1690 existimationem„
1089 1646 1174 1693 per
1201 1636 1415 1679 saniores
1441 1630 1720 1678 Provinciae

129 1705 376 1761 Proceres‚
404 1702 696 1750 ferventibus
723 1701 926 1762 undique
955 1701 1224 1746 domesticis
1250 1700 1413 1748 turbis.
1454 1699 1510 1745 ad
1535 1697 1617 1743 has
1637 1711 1721 1743 se-

129 1771 302 1818 dandas
340 1777 583 1828 evocatus‚
611 1769 767 1816 valido
800 1783 901 1814 cum
930 1770 1140 1813 exercitu
1170 1780 1227 1812 eo
1255 1769 1538 1829 penetravit,
1574 1766 1721 1810 resti—

130 1846 318 1901 tutaque
346 1840 574 1899 tantisper
593 1839 765 1899 quiete,
791 1836 897 1881 Rex
914 1835 1130 1882 Croatiae
1165 1834 1407 1892 salutatus„
1435 1835 1552 1879 hanc
1582 1831 1718 1878 Almo

129 1906 318 1969 Nepoti5
358 1908 429 1951 sui
453 1906 560 1950 loco
598 1903 960 1964 gubernandam,
1014 1902 1253 1948 commisit.
1307 1903 1374 1948 Ita
1414 1901 1578 1947 scilicit
1618 1900 1720 1959 pri-

128 1988 338 2021 maevam
367 1972 561 2031 hujusce
589 1973 877 2017 accessionis
907 1970 1150 2029 originenn
1184 1975 1321 2030 atque
1362 1982 1548 2014 causam
1587 1965 1720 2011 Tho-

129 2057 226 2089 mas
253 2039 668 2088 Archi-Diaconus
710 2039 998 2100 Spalatensis
1042 2037 1080 2096 c)
1118 2061 1185 2068 —
1231 2036 1456 2097 Magister
1495 2035 1550 2081 de
1588 2032 1719 2079 Thu-

127 2125 237 2157 rocz
281 2108 407 2169 d)—
446 2108 656 2153 Fal-latus
700 2108 737 2167 θ)
767 2133 832 2138 -
870 2106 1037 2151 Lucius
1091 2102 1124 2163 ¹]
1151 2128 1219 2134 -—
1243 2119 1344 2150 cum
1392 2102 1598 2165 pluribus
1652 2102 1722 2146 sic

130 2181 245 2226 satis
272 2176 534 2222 concordes
593 2181 856 2221 recensent.
921 2171 1097 2217 Iudicat
1134 2179 1400 2232 postremus
1446 2170 1721 2217 illorum——

128 2244 356 2307 producto
419 2258 444 2289 e
483 2242 718 2302 Regestro
762 2239 1030 2287 Monialium
1081 2237 1377 2286 Jadrensium
1421 2241 1719 2284 monumento

129 2315 315 2360 omnino
342 2317 618 2373 pervetusto
654 2308 703 2372 ἦ)
730 2335 797 2342 —-
836 2320 1002 2354 annum
1028 2307 1236 2367 insuper,
1275 2321 1366 2368 quo
1409 2308 1497 2352 ista
1535 2315 1719 2352 evene-

127 2388 245 2427 rant.

186 2462 236 2517 ἢ
272 2460 389 2508 Quod
414 2460 455 2499 in
480 2459 577 2498 haec
595 2457 720 2497 verba
744 2456 907 2507 incipit:
942 2456 1090 2505 „Anno
1112 2453 1414 2494 Incarnationis
1440 2453 1541 2492 Jesu
1562 2446 1719 2491 Christi

243 2517 440 2568 „Domini
470 2515 613 2555 Nostri
651 2513 771 2554 1091,
800 2512 909 2565 Kyri
939 2512 1083 2551 Alexio
1128 2510 1547 2562 Constantinopoleos
1578 2508 1719 2558 Impe-

168 2619 203 2661 ιΊ)
228 2622 360 2654 Strabo
388 2621 521 2660 Geogr.
546 2620 584 2652 L.
613 2621 644 2652 7.
672 2618 755 2650 item
782 2618 914 2649 Justin.
943 2625 986 2648 ex
1013 2618 1122 2657 Trog.
1150 2616 1318 2658 Pompejo
1346 2617 1384 2648 L.
1411 2615 1467 2649 32.

166 2667 203 2708 b)
231 2669 330 2701 Cons.
356 2667 503 2699 Lucium
530 2667 571 2697 de
598 2667 685 2703 neg.
713 2665 832 2696 Croat.
860 2668 894 2695 et
922 2663 1036 2694 Datin.
1065 2664 1100 2695 L.
1127 2664 1185 2694 ΙΙΙ.
1214 2663 1251 2695 C.
1280 2665 1303 2694 Ι.

168 2717 198 2751 c)
225 2717 320 2747 Hist.
346 2713 497 2746 salonit.
523 2713 561 2745 C.
589 2714 643 2744 17.
670 2721 724 2752 ap.
749 2710 1022 2748 Schwandtner,
1050 2709 1157 2750 scrip.
1185 2718 1254 2742 rer.
1281 2709 1387 2750 hung.
1413 2708 1453 2740 T.
1482 2706 1516 2739 3.

167 2760 203 2801 ιι)
230 2763 361 2794 Chron.
387 2761 426 2793 P.
450 2760 494 2792 11,
520 2761 557 2793 C.
585 2758 640 2791 56.
664 2767 715 2798 ap.
743 2759 800 2790 cit.
826 2756 1032 2790 schwandt.
1057 2756 1097 2789 T.
1126 2757 1156 2789 1.

168 2812 199 2846 ι·)
226 2809 324 2850 lllyr.
350 2807 454 2841 Sacr.
480 2806 519 2837 T.
546 2808 576 2838 1.
603 2816 635 2848 p.
662 2802 741 2839 342.

168 2852 207 2898 ἶ)
234 2855 298 2898 Op.
326 2854 383 2889 cit.
407 2853 445 2887 12.
469 2851 532 2886 lv.
559 2850 596 2885 C.
622 2851 652 2884 1.
