1941 3143
205 60 299 111 122

202 172 423 221 duntaxat
469 188 714 236 agrorum,
785 171 961 218 eisdem
1014 185 1126 232 erga
1176 178 1328 219 certas
1377 172 1788 224 conditiones

201 255 563 288 concessorum:
604 247 741 301 atque
770 241 831 285 ita
859 239 921 284 illi
952 252 1058 299 pro
1096 238 1444 296 Nobilibus,
1483 240 1528 286 hi
1555 256 1640 303 pro
1669 242 1785 289 Ple-

197 308 316 367 beis,
353 311 497 371 vulgo
526 307 715 355 Condi
736 304 815 352 tio
834 307 1051 361 nariiS,
1079 305 1236 351 haberi
1267 313 1538 368 coeperunt.
1578 308 1789 364 Quorum

199 391 438 423 numerum
490 375 573 423 sub
622 376 738 435 ipsis
779 375 874 432 jam
923 372 1127 418 Ducibus
1178 373 1482 420 vehementer
1525 376 1788 422 increvisse

200 446 421 506 oportuit,
463 457 599 504 quum
630 443 676 486 in
707 443 870 498 variis,
910 454 1028 502 quae
1057 446 1286 502 prostant.
1327 441 1372 488 S.
1407 441 1630 503 Stephani
1658 442 1789 488 Fun-

199 510 505 557 dationalibus
548 508 666 555 adeo
707 509 901 569 copiose
945 509 1239 554 nominentur
1263 507 1343 567 ἥ),
1381 515 1429 553 ut
1472 510 1526 555 ab
1572 509 1663 555 hoc
1691 523 1785 556 uno

197 578 329 637 Rege
365 583 560 623 cunctos
594 582 781 621 creatos
811 575 975 631 fuisse,
1014 575 1140 621 credi
1171 578 1356 621 omnino
1393 590 1487 623 non
1519 577 1685 639 possit.

251 659 304 713 ⁴⁶)
337 658 382 698 In
412 657 548 710 specie
578 657 622 696 in
643 656 870 709 Privilegio
902 655 994 709 ejus
1026 669 1152 708 super
1183 656 1536 707 inalienabilitate‚
1569 664 1607 698 et
1633 658 1788 698 immu-

308 716 434 755 nitate
469 716 668 755 bonornm
699 714 947 754 Monasterii
982 715 1023 754 S.
1055 714 1228 753 Adriani
1254 715 1301 753 de
1326 714 1426 754 Zala
1451 716 1528 754 Α110
1551 713 1681 755 10240
1702 715 1790 755 edi-

308 778 408 822 tum,
439 773 482 812 in
511 771 674 825 legibus
705 770 862 811 Eccles.
895 770 1010 812 Com.
1042 772 1091 810 de
1122 770 1327 823 Batthyen
1357 772 1407 813 T.
1442 772 1480 811 1.
1512 785 1551 824 p.
1578 772 1675 814 382.

934 898 942 906 .
988 863 1096 909 156.

525 947 836 1006 Optz'matum,
876 862 927 991 (Ξ
956 946 1218 1003 Equestris
1263 942 1478 990 Ordinis.

326 1029 396 1076 En
424 1030 578 1090 itaque
608 1030 655 1074 in
677 1026 933 1088 Republica
965 1026 1220 1085 hungarica
1246 1023 1514 1072 Nobilitatis
1545 1025 1696 1084 simul,
1735 1041 1791 1072 ac

191 1097 669 1156 gemin0r111n]‚Reg11i
702 1095 913 1142 Statuum
940 1093 1198 1139 exordium.
1239 1091 1605 1153 Optimatum
1645 1093 1789 1140 vide-

191 1165 301 1210 licet
327 1179 353 1209 e
382 1165 542 1225 primis
577 1169 759 1224 septem
789 1160 1056 1222 Capitaneis
1088 1162 1470 1222 progenitorum,
1510 1168 1557 1207 et
1593 1158 1788 1222 Eque-

192 1233 344 1277 stris
383 1231 641 1278 Ordinis
681 1245 707 1275 e
749 1229 971 1275 Militibus
1018 1230 1246 1288 sangvine
1289 1226 1551 1288 Hungaris3
1591 1243 1786 1290 quorum

189 1300 373 1360 utrique
419 1298 475 1344 ab
517 1300 782 1354 extraneis,
834 1298 881 1342 in
924 1298 1114 1343 militiae
1157 1298 1528 1342 communionem
1573 1296 1787 1353 adlectis,

194 1368 275 1413 vel
302 1369 348 1412 in
372 1366 552 1412 dulcem
580 1365 700 1411 hanc
724 1366 919 1427 patriam
949 1363 1377 1423 commigrantibus„
1410 1371 1502 1409 tum
1527 1365 1790 1424 Principum

198 1434 478 1480 liberalitate
519 1433 742 1478 notabilia
780 1447 864 1493 per
910 1434 1042 1478 Vlces
1088 1434 1404 1487 incrementa,
1460 1433 1622 1496 variae
1676 1433 1788 1476 item

197 1504 493 1557 mutationes,
530 1514 615 1561 pro
639 1500 843 1546 instabili
867 1499 1165 1545 humanarum
1201 1513 1356 1544 rerum
1385 1500 1586 1544 omnium
1621 1499 1788 1544 varie-

198 1575 317 1626 tate,
369 1574 697 1622 accesserunt3
748 1567 889 1628 quod,
928 1574 1146 1628 quantum
1197 1569 1461 1627 praesentis
1516 1565 1788 1627 disciplinae

198 1638 317 1682 ratio
339 1636 561 1697 postulat,
591 1634 787 1680 subinde
805 1634 1061 1694 adparebit,
1087 1634 1165 1679 ubi
1192 1635 1388 1694 singulis
1417 1634 1570 1695 Regni
1596 1632 1788 1680 Ordini-

196 1703 281 1750 bus
306 1703 497 1766 propria
537 1704 738 1750 seorsim
776 1701 1113 1764 expendemus.

899 1815 947 1871 §.
992 1815 1103 1862 157.

728 1900 860 1945 Dein
893 1897 1259 1945 Praelacorum.

330 1995 651 2044 Praelatorum
680 2001 833 2042 autem
874 1994 1084 2042 ordinem
1116 2008 1219 2040 cum
1252 1992 1515 2054 Religionis
1549 1991 1785 2041 Christia-

195 2079 284 2112 nae
313 2063 552 2111 cunabulis
582 2063 848 2124 Hungariae
880 2063 1235 2124 supervenisse,
1269 2076 1405 2108 nemo
1436 2063 1601 2108 nescit.
1642 2061 1790 2120 Hujus

196 2134 318 2179 enim
344 2131 678 2194 propagandae
717 2131 820 2176 zelo
857 2132 1078 2176 incensus
1114 2130 1247 2175 divus
1288 2130 1588 2191 Stephanus,
1627 2130 1790 2176 varios

195 2199 487 2256 sacerdotes,
525 2199 751 2260 peculiari
778 2197 979 2259 undique
1015 2212 1124 2243 cura
1158 2199 1435 2253 accersitos,
1474 2212 1560 2260 per
1588 2198 1790 2243 univer-

196 2282 296 2314 sum
335 2267 550 2327 Regnum
600 2265 860 2322 distribuit,
911 2272 1052 2325 utque
1108 2265 1245 2310 saluti
1290 2267 1544 2310 animarum
1597 2264 1790 2310 liberius

194 2342 438 2390 vacarent,
474 2332 804 2396 Episcopatus,
843 2332 1086 2389 AbbatiaS,
1125 2333 1480 2394 Praeposituras
1510 2332 1789 2391 Religioso-

194 2416 294 2446 rum
340 2400 687 2455 Contubernia,
728 2400 783 2444 ab
843 2415 895 2446 se
943 2407 1130 2457 erecta,
1171 2400 1335 2462 amplis
1388 2399 1676 2454 latifundiis,
1713 2397 1792 2444 vel

195 2470 395 2513 maxime
450 2481 534 2513 suo
591 2482 617 2514 e
669 2468 953 2514 Patrimonio
1008 2468 1273 2529 decerptis,
1327 2466 1541 2513 munifice
1597 2466 1789 2512 dotavit.

193 2537 448 2583 Praeterea
502 2534 752 2582 Sacrorum
790 2536 1067 2592 Antistites‚
1117 2542 1166 2580 ut
1200 2534 1245 2579 id
1286 2535 1362 2580 alii
1402 2549 1588 2597 quoque
1632 2533 1791 2592 Reges

196 2604 446 2664 antiquitus
485 2617 629 2661 agere
659 2602 889 2659 solebant,
928 2602 1230 2663 Reipublicae
1262 2602 1498 2665 applicuit,
1522 2614 1792 2665 peroppor-

195 2678 306 2717 tuno
347 2684 460 2716 sane
493 2670 689 2716 consilio
718 2670 775 2715 ad
813 2670 983 2716 Christi
1010 2670 1266 2716 doctrinam
1304 2670 1476 2716 firmius
1516 2667 1792 2716 constabili-

196 2738 392 2794 endam,
430 2751 583 2798 neque
612 2740 713 2784 sine
740 2737 986 2783 manifesto
1014 2737 1315 2784 Monarchiae
1344 2752 1457 2784 suae
1484 2740 1786 2784 incremento.

194 2805 268 2853 Ah
296 2820 353 2853 eo
373 2805 470 2865 jam
494 2811 706 2869 tempore
731 2806 932 2852 Praelati
956 2819 1041 2868 pro
1068 2808 1215 2867 primo
1236 2808 1283 2853 in
1302 2806 1468 2867 Regno
1488 2805 1622 2854 Statu
1637 2801 1786 2850 habe-
