1941 3143
1592 83 1693 130 209

111 189 240 235 diciis
267 186 445 235 subsint
472 190 515 234 in
541 190 625 247 iis,
653 204 771 250 quae
796 190 1048 253 praedialia
1075 203 1236 235 eorum
1257 191 1389 249 jura,
1429 189 1695 255 fundosque

111 257 314 302 attinent.

837 391 845 399 .
888 356 998 403 300.

295 435 590 482 Praediales
616 356 894 497 impl-opine
920 437 1243 497 appellantur
1268 437 1489 485 Nobiles.

237 515 540 577 Exploratum
566 517 672 564 hinc
687 518 749 575 fit,
770 520 893 579 quod
908 519 1047 580 paulo
1076 525 1183 564 ante
1208 521 1509 565 memineram
1528 519 1691 582 (296),

107 582 418 629 Praedialibus
453 584 687 631 Nobilium
724 600 955 645 agnomen
992 586 1221 631 interdum
1258 589 1396 631 etiam
1422 588 1466 632 in
1492 587 1696 633 Privile-

107 652 194 710 giis
218 652 332 711 ipsis
359 659 531 697 tantum
570 654 823 714 improprie
851 653 1051 709 attribui,
1081 655 1156 712 qui
1183 652 1503 704 Jurisdictioni
1530 654 1697 700 Colla-

109 719 221 763 toris
259 732 489 778 nunquam
527 734 621 765 non
664 719 885 766 suberant
921 718 971 778 ἥ)
994 754 1007 775 ,
1048 726 1301 780 eapropter
1325 722 1574 766 verissime
1602 722 1694 766 ali-

108 783 208 829 cubi
233 798 306 829 me
331 784 507 845 legisse
532 788 811 833 reminiscor
853 787 889 848 ⁰)
910 820 923 843 ,
962 785 1157 831 Nobiles
1182 785 1690 847 Archi-Episcopales,

105 850 438 912 Episcopales,
478 853 748 899 Abbatiales
787 868 881 900 non
922 867 1029 899 esse
1056 853 1208 912 Regni
1245 853 1511 912 Hungariae
1538 853 1692 900 Nobi-

107 918 190 962 les.
229 918 579 965 Advertendum
617 927 861 980 praeterea
901 922 947 966 in
984 934 1225 965 numerum
1265 920 1574 966 Praedialium
1601 935 1694 968 ne-

108 986 304 1042 minem,
341 987 430 1032 nisi
465 1000 550 1047 per
585 987 882 1034 collationem
919 986 1183 1044 hujusmodi
1223 989 1407 1041 curiae,
1460 991 1692 1049 cooptari,

107 1066 194 1096 nec
241 1050 429 1097 fundum
474 1053 700 1109 alterum,
739 1054 796 1099 ad
839 1053 1099 1099 Ecclesiam
1139 1060 1454 1115 spectantem,
1504 1062 1694 1116 praeter

108 1116 242 1173 huJus
291 1121 509 1175 generIS,
560 1135 645 1180 pro
686 1121 889 1181 praediis
927 1120 1152 1165 similibus
1196 1120 1250 1166 ab
1287 1123 1477 1181 antiquo
1513 1122 1694 1169 dicatos

106 1182 196 1227 hoc
236 1182 369 1228 titulo
416 1185 622 1231 conferri
658 1202 832 1246 posse,
872 1201 991 1248 quae
1032 1186 1220 1232 defectu
1259 1194 1561 1247 emergente,
1616 1195 1694 1234 aut

105 1254 244 1294 notae
281 1252 504 1309 crimine,
541 1266 636 1298 non
680 1255 726 1298 in
758 1253 940 1313 Regni,
978 1253 1062 1299 sed
1101 1253 1352 1301 Collatoris
1392 1254 1575 1302 Fiscum
1608 1271 1693 1301 re-

105 1314 273 1361 cidunt.

158 1396 207 1449 ²¹¹)
235 1396 440 1449 Exprimit
473 1399 576 1440 hanc
607 1400 879 1441 differentiam
907 1404 1070 1456 egregie
1096 1402 1280 1442 Mathiae
1303 1402 1475 1443 Corvini
1499 1404 1692 1455 Diploma

217 1454 265 1493 de
297 1453 496 1497 A01467.
517 1456 562 1508 b)
594 1455 715 1510 cujus
749 1458 980 1510 ingressum
1023 1465 1208 1511 repetere
1245 1459 1288 1498 in
1319 1473 1402 1499 rem
1437 1468 1693 1510 praesentem

218 1511 419 1551 sufficiet:
453 1512 561 1561 „Pro
594 1520 709 1565 parte
742 1514 921 1554 fidelium
943 1517 1188 1555 Nostrorum
1205 1515 1482 1555 Praedialium
1508 1517 1690 1568 Episco-

215 1572 364 1618 „patus
387 1568 682 1621 Zagrabiensis
705 1571 882 1611 Nostrae
907 1574 1139 1624 expositum
1163 1577 1226 1611 est
1248 1571 1462 1626 Majestati
1491 1586 1536 1611 eo
1557 1576 1691 1623 modo,

218 1624 421 1674 „qualiter
455 1626 642 1666 videlieet
684 1627 763 1677 ipsi
805 1642 851 1667 cx
893 1630 1060 1681 antiqua
1101 1642 1242 1668 eorum
1284 1630 1604 1678 consvetudinc‚
1645 1643 1690 1669 ac

214 1681 431 1729 ‚‚indultis‚
462 1689 500 1721 et
531 1685 869 1723 concessionibus
903 1686 1092 1725 divorum
1127 1686 1279 1735 Regum
1312 1685 1567 1737 Hungariae,
1598 1687 1691 1725 No-

215 1742 424 1783 „strorum
468 1740 655 1778 videlicet
700 1742 1041 1790 Antecessorum,
1088 1754 1251 1790 semper
1291 1741 1332 1779 in
1373 1742 1507 1780 medio
1549 1755 1691 1781 corum

215 1793 506 1840 „laudabiliter
530 1796 762 1835 observatis
796 1798 985 1837 omnibns
1007 1799 1090 1838 illis
1115 1797 1390 1845 libertatibus,
1420 1804 1459 1836 et
1479 1798 1689 1838 Nobilium

216 1851 564 1902 „praerogativis,
598 1852 745 1902 quibus
777 1855 925 1892 caeteri
956 1855 1126 1895 Nobiles
1165 1854 1472 1904 quomodolibet
1504 1861 1689 1904 utuntur,

216 1912 284 1954 „et
321 1908 520 1958 gaudent,
571 1908 679 1946 isto
727 1909 991 1950 duntaxat
1037 1915 1288 1960 excepto,
1334 1911 1385 1950 in
1433 1918 1689 1961 quantum

215 1962 503 2011 „videlicet
535 1963 933 2005 Jurisdictioni
963 1966 1246 2007 Ecclesiae
1277 1965 1690 2019 Zagrabiensis,

217 2025 291 2066 „et
335 2018 605 2071 Episcopo
651 2021 699 2060 in
746 2023 923 2061 eadem
968 2023 1244 2072 Ecclesia,
1300 2035 1395 2074 pro
1441 2029 1688 2075 tempore

218 2076 572 2124 ‚‚constituto‚
604 2090 712 2117 cum
745 2079 971 2130 debitis,
1003 2087 1051 2120 et
1081 2079 1371 2120 consvetis
1414 2082 1688 2131 servitiis,

220 2137 296 2176 „et
350 2132 658 2174 obedientia
713 2133 952 2188 subjecti
1004 2137 1360 2186 haberentur,
1407 2137 1473 2176 usi
1505 2138 1688 2189 fuerunt,

218 2191 286 2232 „et
316 2187 449 2239 gavisi
480 2193 581 2229 etc.“

830 2316 839 2325 .
880 2283 992 2328 301.

397 2361 473 2405 De
497 2361 709 2408 sedecim
744 2282 950 2422 ojpzdss
974 2364 1396 2422 Scepusz‘ensz'bw.

239 2438 400 2485 Restat
437 2442 640 2488 sedecim
682 2444 965 2504 Oppidorum
1007 2445 1385 2507 Scepusiensium
1417 2446 1682 2503 Districtus,

109 2502 164 2547 de
192 2517 279 2562 quo
311 2522 454 2566 pauca
480 2509 587 2555 loeo
620 2510 693 2555 hie
721 2525 813 2555 non
842 2513 1135 2559 incommodo
1164 2513 1475 2574 proferemus.
1507 2515 1683 2574 Oppitla

108 2570 286 2616 scilicet
312 2573 366 2618 ab
401 2577 539 2621 Anno
578 2580 719 2623 1775.
751 2578 983 2636 sedecim,
1024 2587 1158 2625 antea
1193 2596 1310 2626 vero
1342 2581 1563 2625 tredecim
1591 2596 1682 2624 nu-

105 2651 233 2682 mero
265 2639 607 2701 Scepusiensia,
644 2644 833 2692 Polonis
868 2662 953 2707 per
982 2647 1324 2707 Sigismundum
1363 2648 1536 2707 Regem
1582 2654 1681 2690 tra-

144 2754 176 2787 ὃ)
205 2754 242 2784 1η
271 2755 606 2788 animadversionib.
633 2759 674 2789 ad
698 2759 776 2790 Jns.
801 2759 895 2800 publ.
918 2760 1035 2799 Hung.
1060 2770 1090 2801 p.
1112 2762 1190 2793 112.

143 2797 176 2835 ὴ)
206 2800 304 2831 Edid.
326 2801 434 2842 integ.
458 2804 671 2836 aerei-euch
702 2805 735 2836 in
756 2807 895 2839 Histor.
923 2807 1064 2841 nectes.
1093 2807 1242 2849 zagrab.
1263 2808 1301 2839 p,
1322 2808 1347 2837 1.
1367 2805 1406 2839 c.
1433 2806 1463 2837 8.
1487 2813 1563 2845 pag.
1586 2801 1641 2835 48.

1355 2854 1413 2897 14
