1941 3143
233 126 325 173 162

224 236 421 284 mundus
470 237 712 286 observari
748 239 904 298 jussit.
955 240 1052 296 Qua
1097 240 1274 288 demum
1316 256 1449 298 eura,
1499 248 1544 288 et
1579 247 1813 303 potestate

231 305 428 351 Carolus
455 306 488 351 I.
517 322 612 352 rem
653 309 957 353 monetariam
992 310 1264 372 complexus
1292 312 1365 367 sit,
1403 310 1653 357 Decretum
1679 311 1814 369 ejus-

227 372 329 418 dem
366 374 572 435 loquitur
615 376 655 433 ³)
682 373 782 432 W).

281 470 332 524 ⁴⁶)
367 470 507 519 „Inter
537 482 696 510 caetera
730 471 901 522 peritiae
934 485 1032 512 suae
1064 479 1304 525 argumenta
1335 497 1384 502 —
1420 474 1478 513 sic
1511 473 1633 513 nobis
1665 474 1712 513 de
1737 473 1815 513 hoo

337 528 476 577 „Rege
504 527 737 567 Chronicon
773 535 913 567 narrat
946 529 1170 569 Thuroczii
1193 532 1236 582 b)
1259 554 1313 560 —
1337 531 1431 570 fecit
1451 531 1643 570 fabricari
1668 541 1816 569 numos

341 597 584 635 „magnae
618 591 852 624 monetae
885 599 942 625 ex
975 587 1267 638 purissimo
1300 595 1545 637 argento,
1578 595 1614 627 et
1638 587 1814 638 pretium

336 654 502 688 „rerum
528 642 732 681 venalium
765 645 988 682 secundum
1014 650 1164 682 certam
1191 645 1455 695 quantitatem
1479 643 1595 697 justo
1621 645 1815 682 modera-

337 699 474 745 „mine
516 699 718 737 discretae
761 700 937 738 rationis
985 701 1212 740 constituit.
1264 701 1354 739 Non
1403 702 1508 740 enim
1556 701 1818 753 permittebat

337 762 630 801 „mercatore-s,
659 761 696 794 et
735 756 994 795 numularios
1027 758 1305 796 detestabilem
1339 758 1538 796 avaritiae
1580 758 1818 809 voraginem

335 825 387 861 „a
419 812 702 862 simplicibus,
750 820 787 850 et
832 814 1000 852 rusticis
1049 814 1303 864 superfluum
1348 814 1504 853 lucrum
1549 826 1813 866 congregare.

337 867 477 915 „Haec
509 874 570 906 est
604 869 709 907 enim
744 882 890 916 causa,
940 883 1040 921 quae
1075 871 1243 909 maxime
1286 869 1391 908 solet
1425 870 1600 920 populos
1633 883 1817 921 pauper-

339 925 481 972 „tati.‹3‚
514 932 551 962 et
584 925 746 975 inopiae
774 926 971 976 periculis
998 927 1243 974 obvolvet-03
1277 927 1346 964 sed
1372 927 1593 964 secundum
1621 932 1818 964 statutum

339 982 544 1031 „pretium
581 983 862 1032 unusquisque
904 983 1123 1029 vendebat,
1168 989 1205 1020 et
1248 982 1405 1020 emebat
1448 982 1537 1020 sine
1568 980 1748 1035 injuria,
1779 986 1819 1019 et

339 1039 730 1085 „circumventione
772 1041 1082 1089 Argenteos
1126 1039 1246 1077 etiam
1283 1039 1572 1086 denarios,
1616 1045 1669 1090 ut·x
1690 1049 1818 1088 supra

340 1095 567 1143 „scriptum
602 1102 686 1135 est.
730 1095 852 1133 cudi
884 1094 1040 1141 fecit,
1085 1108 1257 1145 quorum
1302 1095 1574 1146 quadraginta
1606 1094 1817 1134 Bizantius

339 1163 516 1199 „census
543 1157 640 1188 crat.
668 1150 783 1190 Unde
808 1158 845 1189 et
867 1164 974 1189 nunc
999 1153 1155 1190 denarii
1180 1165 1347 1190 numero
1376 1152 1643 1204 quadraginta
1667 1162 1818 1190 aureus

337 1207 652 1257 „appellantur3
706 1220 784 1246 non
834 1209 939 1258 quod
989 1208 1071 1246 sint
1119 1209 1259 1253 aurei,
1307 1209 1377 1246 sed
1422 1209 1526 1259 quod
1567 1214 1626 1246 tot
1658 1206 1818 1247 denarii

336 1264 596 1311 „Bizantium
641 1264 778 1302 valere
827 1265 898 1302 illo
942 1270 1124 1315 tempore
1169 1265 1425 1305 videbantur.
1474 1263 1676 1304 Omnibus
1710 1264 1817 1304 enim

335 1321 510 1366 „diebus
544 1322 650 1360 vitae
684 1334 781 1360 suae
827 1321 875 1360 in
907 1327 1020 1360 tota
1051 1321 1334 1375 Hu'ngaria
1375 1334 1472 1360 non
1505 1328 1587 1361 est
1618 1326 1816 1361 mutata

337 1382 622 1426 ‚‚moneta.“
656 1385 731 1418 eto.

248 1447 325 1502 μ)
359 1449 591 1488 Illustravit
646 1450 863 1489 Decretum
925 1449 1046 1489 hoece
1094 1449 1526 1489 animadversionibus
1585 1449 1818 1489 eruditione

338 1507 469 1557 plenis
516 1513 656 1556 gratae
711 1506 1013 1545 recordationis
1067 1507 1397 1545 Sebo'nvisnerus
1445 1507 1486 1545 in
1530 1519 1651 1557 opere
1694 1505 1816 1558 paulo

336 1571 428 1602 ante
472 1563 593 1601 citato
615 1563 683 1616 c)‚
718 1576 818 1614 quae
853 1563 955 1602 lectu
990 1570 1086 1602 sunt
1118 1564 1342 1614 perutiles,
1388 1576 1433 1601 ac
1460 1562 1817 1615 jucundissimam

334 1620 459 1670 Regis
504 1632 599 1658 vero
648 1619 773 1673 hujus
818 1627 1054 1671 protensam
1097 1621 1156 1659 rei
1199 1620 1450 1659 monetariae
1492 1619 1814 1660 sollicitudinem

337 1676 520 1715 uberiori
552 1676 640 1716 luce
672 1678 903 1718 affundunt.
1407 1682 1409 1684 ’

914 1836 961 1891 ἓ.
1005 1836 1116 1883 596.

468 1931 722 1978 Interdum
760 1933 876 1978 alm
912 1947 1110 1991 quoque
1155 1935 1579 1977 communicatum.

360 2044 574 2089 Liberum
619 2045 802 2088 interim
856 2043 940 2089 sibi
984 2057 1091 2088 esse
1148 2042 1399 2088 credebant.
1438 2042 1625 2102 Reges,
1681 2042 1816 2102 huJus

224 2111 459 2158 facultatis
488 2110 605 2155 alios
648 2125 861 2171 quoque7
904 2113 1096 2171 imperio
1140 2125 1224 2155 suo
1268 2109 1529 2166 obnoxios,
1567 2113 1818 2171 participes

224 2179 457 2225 interdum
506 2177 704 2222 reddere
755 2182 871 2223 intra
922 2178 1090 2222 liinites
1140 2178 1260 2222 ultro
1314 2176 1598 2235 designatos.
1658 2177 1818 2222 Talem

222 2246 439 2292 Andreas
479 2244 511 2289 I.
552 2244 695 2290 Belae
734 2245 865 2291 fratri
907 2260 991 2291 suo
1034 2245 1225 2290 dederat
1268 2242 1329 2300 ·¹)„
1359 2243 1590 2288 secundus
1633 2243 1816 2289 Ordinis

224 2314 500 2359 Theutonici
544 2311 784 2371 Equitibus
828 2315 897 2371 ‘·);
950 2311 1147 2358 Mathias
1200 2311 1232 2355 Ι.
1279 2311 1465 2356 Civitati
1512 2309 1817 2357 Cassoviensi

224 2381 417 2425 durante
456 2379 749 2438 beneplacito
789 2394 873 2425 suo
904 2379 1216 2424 exercendum
1262 2377 1320 2434 ¹).
1362 2376 1467 2422 Non
1505 2377 1561 2421 de
1598 2390 1674 2434 eo‚
1711 2392 1818 2422 num

224 2448 271 2492 id
295 2447 469 2493 fecisse
512 2445 757 2506 expediat,
797 2447 920 2508 quod
961 2447 1152 2493 alterius
1193 2452 1266 2491 est
1303 2443 1598 2504 disciplinae,
1638 2444 1721 2490 sed
1758 2444 1816 2488 de

265 2586 298 2626 ³)
324 2589 379 2619 De
409 2590 512 2619 Anno
540 2587 638 2621 1342.

265 2645 302 2685 b)
329 2646 367 2677 P.
392 2645 432 2677 11.
453 2645 488 2676 C.
512 2646 622 2679 XLV.
649 2646 749 2681 Cous.
771 2648 911 2680 Katona
929 2648 1022 2680 nist.
1047 2647 1135 2680 Crit.
1157 2647 1197 2680 Τ.
1223 2646 1265 2677 n.
1293 2645 1329 2677 P.
1352 2646 1396 2676 ΙΙ.
1414 2654 1444 2686 p.
1465 2645 1545 2676 168.

269 2700 297 2741 c)
325 2702 410 2741 Pag.
431 2702 509 2734 220.
530 2711 608 2743 usq.
630 2703 708 2736 313.

267 2756 303 2798 ¹¹)
328 2759 448 2798 HuJ'us
475 2760 635 2798 Numes,
663 2769 730 2800 qua
751 2761 889 2799 Ducis,
918 2761 976 2792 vid
1000 2770 1052 2802 ap.
1074 2760 1325 2792 Senum-imm
1350 2759 1412 2799 Op.
1437 2759 1496 2789 cit.

265 2814 299 2855 ἓ)
326 2817 524 2848 scutoezer
550 2816 616 2847 loe.
642 2817 702 2847 cit.
727 2826 756 2857 p.
773 2818 851 2848 319.

266 2872 300 2913 s)
326 2873 507 2915 Kaprinay
536 2874 630 2906 nist.
650 2874 743 2914 Dipl.
770 2874 808 2906 P.
834 2873 874 2906 11.
892 2874 929 2904 L.
955 2874 996 2905 11.
1019 2874 1063 2906 N.
1092 2875 1148 2908 17.
1172 2882 1204 2915 p.
1229 2873 1307 2905 155.
