1941 3143
1611 105 1704 152 129

124 239 222 272 sum
279 222 377 268 Jur
395 219 603 277 ejuran
619 216 684 263 do
752 225 912 279 aperte
968 216 1281 278 sponderent,
1347 217 1709 263 commemoravi

124 291 354 352 superius,
393 288 468 347 qui
507 299 594 330 neo
631 283 767 329 modo
812 284 1082 345 simpliciter
1122 284 1288 338 desiit3
1338 297 1441 327 nam
1484 283 1710 343 quemad-

123 357 304 404 modum
330 355 591 411 homagium
630 367 654 396 a
681 350 935 408 Majoribus
963 367 1063 397 cum
1100 353 1202 412 ipsa
1228 350 1380 409 Regni
1417 349 1706 394 haereditate

123 424 325 484 Principi
351 435 435 467 suo
464 418 632 474 delata,
672 422 954 479 sempiterno
988 419 1313 465 observamine
1349 431 1460 463 suos
1500 418 1546 461 in
1586 416 1707 461 hae-

123 491 262 537 redes
291 490 547 535 derivatum
574 485 674 540 suit,
714 487 775 530 ita
803 488 879 546 qui
907 485 960 530 ab
988 500 1044 531 eo
1087 487 1224 531 etiam
1263 491 1473 544 tempore
1515 489 1710 528 exterae

127 559 319 618 originis
344 557 538 617 primum
578 554 624 597 in
663 551 910 612 Hungaros
947 559 1249 613 cooptantur,
1290 551 1474 598 solenni
1515 549 1714 596 formula

126 640 209 687 pro
239 639 290 671 se
318 657 330 681 ,
387 622 575 680 suisque
618 618 775 664 itidem
815 619 1093 666 haeredibus
1127 619 1362 666 fidelitatis
1398 617 1715 663 Juramentum

127 703 393 752 nuncupare
420 687 693 734 necessario
733 693 950 732 tenentur
991 688 1052 746 ⁸).

184 773 229 827 *)
262 773 554 812 sacrosanctae
586 765 712 820 hujus
744 767 1012 819 obligationis
1043 767 1256 807 numerosi
1296 767 1429 807 omnis
1465 765 1715 807 conditionis

243 827 447 868 coincolae
476 826 736 864 immemores
768 829 898 863 aetate
929 823 1004 863 hac
1034 830 1202 873 nostra,
1238 822 1381 877 pejore
1413 824 1518 872 avis,
1550 835 1594 861 se
1627 822 1718 870 vili,

244 898 289 924 ae
319 883 492 923 nefando
517 880 832 933 perduellionis,
863 881 1195 933 proditionisque
1217 881 1258 919 in
1279 881 1445 933 Regem,
1477 886 1515 919 et
1537 879 1719 919 Patriam

245 940 397 980 scelere
429 939 543 978 faede
574 938 851 977 contaminare
892 937 1015 977 veriti
1057 951 1136 978 non
1181 937 1372 985 fuerunt,
1414 942 1534 989 atque
1567 940 1721 975 tantam

248 996 486 1048 Hungariae
519 1000 721 1045 stragem,
755 994 1050 1042 calamitatem,
1089 994 1250 1034 ruinam
1294 994 1431 1033 fallaci
1476 998 1721 1032 novatorum

248 1053 407 1092 theoria
438 1051 657 1102 magistra:
705 1051 923 1102 superbia,
970 1051 1202 1102 impietate,
1245 1051 1505 1099 seductione,
1551 1048 1724 1100 perfidia

246 1110 419 1147 ducibus
444 1114 726 1146 transversum
760 1107 852 1156 acti,
884 1107 922 1147 in
950 1107 1114 1159 longam
1148 1108 1457 1147 diuturnitatem
1484 1106 1724 1153 attulerunt,

250 1164 398 1216 quibus
425 1176 518 1202 sera
540 1163 760 1203 multorum
784 1163 1005 1216 paenitudo
1037 1165 1216 1204 remedia
1240 1164 1462 1216 propinare
1493 1175 1575 1203 non
1603 1161 1724 1202 valet.

761 1284 972 1338 Caput
1004 1285 1098 1327 ΙΙ.

225 1359 298 1412 De
334 1354 589 1420 Juribus,
631 1356 688 1408 ct
723 1356 1167 1422 Praerogativis
1203 1355 1634 1411 Nobilitaribus.

839 1441 886 1496 ἓ.
930 1442 1038 1488 168.

196 1525 325 1582 Quid
355 1529 556 1572 nomine
593 1526 1071 1583 Praeroyatz‘varum
1110 1526 1470 1572 Nobz'litarz'um
1504 1529 1636 1571 vem‘t
1651 1527 1673 1570 ἒ

278 1623 407 1678 Quae
435 1623 491 1669 ad
517 1638 683 1668 annum
710 1622 1114 1683 quadragesimum
1141 1630 1356 1670 octavum
1395 1637 1534 1684 supra
1573 1621 1730 1667 mille-

143 1692 306 1737 simum
335 1692 772 1751 octingentesimum
812 1691 911 1735 sine
940 1690 1241 1736 diminutione
1266 1689 1497 1736 nobilibus
1533 1704 1731 1750 compe-

143 1757 301 1803 tebant
325 1757 602 1814 Libertates,
641 1756 956 1802 Immunitates
980 1791 993 1814 ,
1033 1764 1078 1802 et
1102 1757 1231 1815 Jura,
1272 1771 1389 1818 quos
1417 1755 1500 1803 sub
1527 1755 1613 1801 hac
1639 1770 1733 1801 no-

143 1824 454 1870 menclatione
501 1825 582 1869 lex
631 1823 981 1885 complectitur,
1043 1826 1243 1870 omnium
1314 1825 1522 1882 cujusvis
1573 1823 1730 1870 Status

145 1891 356 1952 aequalia
393 1892 542 1951 (161)
572 1890 723 1950 Leges
750 1905 841 1936 uno
869 1890 1099 1937 vocabulo
1142 1892 1504 1952 Praerogativas
1545 1890 1727 1947 dixere,

147 1966 194 2004 et
220 1973 280 2003 ex
304 1958 374 2004 his
402 1958 661 2003 cardinales
696 1959 868 2019 passim
894 1959 956 2004 ita
984 1958 1147 2016 dictas,
1187 1959 1312 2020 quod
1350 1960 1397 2004 in
1434 1960 1490 2003 iis
1518 1957 1734 2017 reliquae

148 2027 279 2086 quasi
305 2028 351 2071 in
377 2026 563 2071 cardine
604 2027 934 2082 consisterent,
972 2025 1263 2073 Verbdczius
1303 2025 1359 2072 ad
1399 2039 1573 2072 summa
1616 2039 1737 2085 qua-

149 2100 254 2138 tuor
292 2092 475 2138 reduxit
515 2091 577 2149 ¹³),
616 2094 768 2154 aitque
810 2107 910 2137 cum
952 2093 1159 2154 pluribus
1186 2128 1198 2152 ,
1238 2108 1318 2140 eas
1358 2108 1383 2138 a
1422 2093 1468 2140 S.
1498 2091 1736 2154 Stephano

153 2173 406 2205 concessas
432 2160 639 2219 primum,
688 2167 854 2221 postea
883 2160 936 2205 ab
963 2160 1152 2206 Andrea
1186 2160 1243 2206 II.
1284 2176 1368 2222 per
1393 2161 1597 2206 Auream
1621 2159 1739 2204 Bul-

152 2225 241 2271 lam
266 2228 431 2286 partim
457 2226 769 2284 confirmatas,
807 2229 972 2288 partim
1001 2230 1278 2289 explicatius
1298 2228 1559 2274 declaratas
1574 2226 1740 2282 fuisse,

154 2292 277 2352 quod
303 2300 454 2338 tamen
482 2293 769 2340 obstantilius
798 2296 905 2351 illis,
944 2310 1062 2355 quae
1088 2310 1173 2357 per
1198 2295 1333 2354 hujus
1362 2296 1519 2355 operis
1566 2294 1740 2338 decur-

155 2373 253 2404 sum
300 2359 434 2406 nohis
471 2362 550 2407 vel
587 2360 810 2409 hactenus
859 2361 996 2409 obvia
1036 2361 1252 2422 fuerunt,
1318 2362 1435 2408 adeo
1478 2361 1739 2421 generatim

157 2427 375 2474 sustineri
398 2429 481 2474 vix
505 2436 677 2489 potest.

850 2528 897 2583 ὃ.
942 2529 1050 2576 169.

701 2611 783 2657 Esc
818 2612 896 2658 llis
934 2611 1230 2658 cardinales.

299 2689 604 2737 Cardinalium
630 2692 1066 2753 Praerogativarum
1094 2695 1258 2756 prima,
1286 2699 1332 2739 et
1359 2692 1504 2739 altera
1532 2704 1588 2736 eo
1613 2687 1744 2734 reci-

206 2802 238 2839 n)
265 2803 365 2837 1687.
392 2805 449 2837 26.
476 2808 513 2837 et
540 2805 617 2839 aliis
644 2807 899 2850 compluribus.

204 2849 240 2888 ¹»)
266 2850 304 2883 P.
331 2851 356 2884 1.
386 2853 426 2883 tt.
453 2851 485 2885 9.

1463 2897 1494 2941 9
