1941 3143
1610 103 1707 153 ‘223

124 235 184 269 ne
210 219 312 282 quis
339 225 515 266 temere
551 215 817 265 Nobilitatis
855 216 1204 281 praerogativa,
1259 223 1305 264 et
1339 217 1709 280 incompetenter

125 291 192 335 uti
217 289 352 346 ausit,
391 293 686 347 caeteraque,
1691 291 1695 294 ·

807 423 854 479 §.
896 423 1007 469 706.

532 521 897 579 Perceptorzcm,
941 531 988 566 et
1019 521 1308 566 Exactorz's.

258 617 505 664 Cassarum
535 631 690 662 curam
716 624 884 676 gerunt
921 618 1324 677 Perceptores
1365 613 1706 675 generales,

123 685 405 746 toti-demque
454 684 589 742 hinc,
641 690 686 728 et
728 684 858 728 illinc
904 685 951 728 in
999 683 1309 739 districtibus,
1362 688 1474 744 quot
1512 693 1705 726 numero

118 756 432 813 requiruntur,
470 767 496 813 p
516 750 744 796 articul
763 765 786 794 a
803 765 824 794 r
842 765 866 794 e
885 764 930 805 s,
971 765 1147 809 genere
1173 750 1385 807 Nobiles,
1413 756 1460 795 et
1485 755 1533 793 ut
1558 747 1707 804 major

117 820 172 865 ab
200 822 255 865 iis
283 826 411 865 esset
438 818 493 863 de
522 817 644 863 fideli
679 817 1097 863 Administratione
1135 820 1391 873 securitaS,
1432 827 1704 873 cassamque

120 887 349 947 publicam
389 885 648 931 indemnem
685 884 952 945 praestandi
992 883 1218 941 facultas,
1269 886 1405 929 etiam
1445 894 1706 944 possesso-

117 968 196 998 res
240 955 296 1011 ³).
338 953 451 998 Sunt
492 952 553 1008 hi,
595 952 717 1012 quod
744 966 804 996 ex
844 958 1004 996 natura
1035 952 1173 997 officii
1200 965 1395 1011 pronum
1423 957 1510 1005 est,
1540 950 1629 993 imo
1659 953 1706 991 et

118 1020 346 1065 haeredes
388 1034 547 1064 eorum
586 1018 842 1064 rationibus
884 1018 1132 1063 reddendis
1175 1019 1398 1074 obnoxii,
1439 1031 1526 1077 qua
1566 1017 1611 1059 in
1637 1028 1706 1069 re,

119 1089 158 1133 si
183 1101 336 1132 moras
363 1093 578 1142 nectant,
619 1086 675 1131 ad
702 1085 744 1130 id
773 1085 1033 1130 faciendum
1060 1085 1281 1145 gravibus
1309 1085 1392 1129 sub
1420 1084 1585 1144 poenis
1614 1083 1703 1125 imo

119 1153 387 1199 detentione
439 1168 622 1213 quoque
672 1167 977 1213 personarum
1029 1153 1152 1212 adigi
1200 1159 1397 1212 possunt
1439 1150 1513 1209 b),
1567 1153 1706 1210 prout

116 1223 325 1266 vicissim
377 1234 493 1265 onus
534 1220 867 1265 satisfactionis
908 1234 1001 1265 non
1041 1219 1295 1275 haeredes,
1348 1219 1431 1264 sed
1469 1229 1705 1262 morosum

117 1287 437 1347 Magistratum
507 1287 645 1344 serit,
709 1289 915 1332 rationes
975 1302 999 1331 a
1053 1286 1412 1347 Perceptoribus
1467 1284 1705 1330 consectas

118 1358 339 1416 excipere
383 1354 697 1414 negligentem
741 1355 812 1412 ⁰),
866 1354 1030 1415 quihus
1084 1354 1353 1400 revidendis
1423 1351 1704 1398 Exactor

119 1421 376 1469 Comitatus
417 1428 683 1483 occupatur.

815 1555 863 1612 ξ.
905 1557 1015 1604 707.

386 1656 651 1717 ΟῘΤῖεῖαῖεε,
691 1667 737 1703 et
770 1658 1052 1703 Ser-vitores
1092 1656 1439 1701 Comz‘tatuum.

249 1753 357 1801 Non
384 1762 543 1800 carent
570 1755 768 1814 denique
796 1752 1049 1799 Comitatus
1076 1752 1195 1796 ultra
1222 1758 1518 1797 enumeratos
1543 1749 1701 1810 Magi-

117 1828 316 1877 stratuS,
357 1822 596 1867 stabilibus
638 1824 733 1866 suis
771 1820 996 1877 Medicis,
1037 1819 1305 1878 Chi1·urgis,
1346 1817 1700 1875 Obstetrioibus,

119 1888 411 1944 GeometriS,
452 1888 757 1945 Castellanis,
797 1888 991 1946 aliisque
1037 1886 1092 1931 ad
1130 1885 1345 1931 tuendam
1385 1887 1698 1943 securitatem,

114 1960 191 1999 aut
229 1969 459 2000 annonam
510 1955 701 2000 Militiae
749 1953 1179 2008 administrandam,
1229 1967 1346 2012 quos
1386 1953 1698 1999 Comissarios

112 2028 310 2077 vocant,
349 2022 406 2066 ad
443 2021 778 2082 inspiciendum
816 2035 958 2083 porro
996 2023 1066 2065 rei
1105 2019 1270 2076 aedili,
1306 2022 1420 2081 rip1s
1447 2020 1695 2076 fluminum,

113 2090 182 2132 rei
209 2091 446 2147 equariae,
486 2090 561 2148 qui
589 2103 749 2133 omnes
777 2095 929 2133 tamen
955 2091 1000 2133 in
1026 2087 1303 2146 Magistratu
1327 2102 1420 2133 non
1445 2089 1698 2132 continen-

112 2161 209 2209 tur,
248 2157 427 2215 provisi
454 2155 651 2215 denique
693 2158 829 2201 etiam
857 2162 962 2200 sunt
1000 2154 1349 2209 Servitoribus,
1392 2154 1696 2210 Satellitilms,

113 2221 303 2280 vigiliis,
332 2236 524 2281 quorum
563 2237 680 2282 quae
716 2237 824 2267 esse
851 2224 1062 2282 possint,
1102 2222 1284 2280 sintque
1330 2221 1509 2282 agenda
1538 2221 1695 2276 officii,

112 2295 190 2333 aut
216 2291 396 2336 servitii
422 2304 578 2347 causa,
602 2303 662 2335 ex
685 2291 785 2351 ipsa
814 2288 1155 2349 significatione
1180 2289 1378 2336 nominis
1403 2288 1692 2348 intelligitur.

809 2425 856 2479 ὃ.
898 2426 1008 2470 708.

250 2523 580 2580 Μαῃῖετναίαε
622 2524 969 2568 Comilatensz’s
1008 2536 1038 2567 α
1076 2535 1173 2581 quo
1213 2527 1565 2570 constituitur?

247 2621 332 2675 Qui
358 2623 403 2666 in
431 2636 621 2666 censum
646 2621 946 2681 Magistratus
973 2623 1182 2679 veniunt,
1219 2621 1307 2669 hos
1335 2638 1395 2669 ex
1425 2621 1691 2678 individuis,

150 2735 180 2771 ὃ)
210 2736 262 2767 Ex
287 2738 403 2766 mente
431 2733 532 2766 1567.
559 2735 588 2766 7.
616 2734 748 2767 collato
775 2745 855 2767 cum
883 2733 985 2768 1471.
1014 2735 1066 2766 15.
1094 2734 1195 2768 1723.
1222 2737 1275 2768 56.
1299 2735 1328 2777 §.
1355 2735 1386 2768 4.

150 2789 185 2828 b)
212 2790 314 2823 1554.
338 2792 393 2823 20.
422 2791 521 2822 1622.
548 2790 603 2822 65.
628 2790 726 2825 1647.
751 2792 808 2826 39.
833 2792 915 2826 coll.
938 2801 1019 2824 cum
1035 2793 1138 2826 1715.
1163 2793 1220 2826 57.
1248 2796 1285 2825 et
1311 2793 1409 2826 1723.
1426 2791 1480 2825 63.
1507 2788 1537 2832 ὗ.
1563 2789 1595 2822 8.
1608 2792 1642 2823 et
1656 2788 1690 2822 9.

150 2846 183 2888 c)
210 2847 276 2881 cin
305 2847 405 2881 1723.
432 2847 488 2880 63.
516 2844 545 2887 ς.
572 2847 626 2881 12.
