1941 3143
1625 101 1688 149 33

223 213 326 265 „toti
350 210 593 261 Dalmatiae,
625 224 648 252 a
672 212 884 253 medietate
910 209 1066 252 scilicet
1080 210 1318 261 Grai-narii,
1351 223 1480 264 usque
1512 214 1562 252 ad
1589 225 1693 254 con-

218 271 346 321 „fines
378 270 572 318 Duracii,
605 271 795 310 omuibus
829 269 1106 317 Civitatibus,
1137 269 1286 319 terris,
1319 270 1493 317 castris,
1526 270 1694 321 insulis,

220 327 471 378 ‚,p0rtubus,
516 331 554 365 ct
582 323 774 378 juribus,
817 340 918 378 quae
960 326 1274 375 habuissemus,
1318 333 1356 365 et
1400 325 1693 374 tenuissemus,

219 384 510 432 „habebamus,
533 388 571 421 et
593 383 829 422 tenebamus
858 384 896 422 in
920 383 1090 429 eisdem,
1118 395 1278 434 quoquo
1302 384 1437 428 modo,
1469 388 1506 421 ct
1528 383 1694 433 specia—

218 441 339 490 „liter
372 439 621 480 Civitatibus
654 439 817 487 Nonae,
860 439 1035 486 Jadrac,
1069 440 1324 487 Scardonae,
1367 439 1548 478 Sibenici
1579 439 1695 477 Tra-

219 497 372 547 „gurih
404 495 584 546 Spalati,
626 501 663 534 et
695 496 867 548 Ragusii
899 496 938 534 in
984 501 1093 535 terra
1127 495 1241 534 firma
1273 496 1560 535 existentibus.
1593 494 1695 533 Item

219 553 514 603 ‚‚Civitatibus‚
547 558 584 590 et
616 552 738 591 terris
780 551 1090 605 adjacentibus,
1130 552 1342 591 videlicet:
1378 551 1550 599 Cherso,
1580 551 1695 601 Veg-

221 610 318 659 ‚‚lia,
350 610 485 656 Arbo,
517 608 650 659 Pago,
683 609 891 655 Brachiae,
925 609 1124 656 Lesinae,
1159 608 1386 655 Cursulae,
1417 621 1508 648 cum
1540 607 1693 646 insulis

219 667 494 716 ‚‚earundem,
525 677 614 703 cum
647 665 836 704 omnibus
870 665 1143 716 pertinentiis,
1176 672 1214 704 et
1246 665 1496 704 utilitatibus
1540 676 1696 703 earun-

221 724 353 771 „dem‚
383 735 428 761 ac
458 720 590 760 titulis
621 721 863 769 Dalmatiae,
897 720 1103 768 croatiae,
1143 722 1291 772 quibus
1323 721 1383 760 uti
1415 733 1698 760 consvevera-

221 792 354 829 ,‚mus‚
386 784 434 818 et
465 783 625 817 totum
658 778 893 828 ipsorum
923 776 1039 830 jus,
1071 783 1119 816 et
1145 778 1464 826 dominium,
1496 781 1544 815 et
1572 789 1697 827 pro-

223 836 562 887 „prietatem,
596 834 643 873 si
675 847 800 885 quas
843 834 1255 882 habuissemus,
1301 834 1352 872 in
1385 833 1561 884 ipsum
1593 832 1696 871 Do-

222 893 438 943 „minum
460 891 667 943 Regem,
699 896 744 930 et
776 902 1118 930 successores
1151 903 1280 930 suos
1304 895 1521 940 sponte,
1556 888 1696 928 deli-

225 949 459 998 „berate,
487 953 535 986 et
560 960 667 986 cum
689 948 1005 986 maturitate
1031 947 1473 995 transferentes,
1498 957 1698 984 renun-

226 1006 459 1054 „ciantes
492 1003 718 1054 insuper
750 1003 884 1042 omni
927 1003 1155 1052 actioni,
1187 1009 1239 1042 et
1272 1003 1412 1042 omni
1438 1001 1614 1055 juriS,
1649 1004 1697 1040 et

223 1061 393 1113 „legis
435 1058 736 1107 beneficio,
781 1059 976 1110 quibus
1021 1059 1134 1098 ullo
1176 1072 1400 1110 unquam
1447 1065 1698 1108 tempore

223 1129 533 1166 „possemus
579 1122 765 1154 contra
797 1114 1120 1166 praedicta,
1162 1116 1243 1154 vel
1285 1116 1700 1167 praedictorum

223 1171 471 1222 „aliquod
504 1183 595 1210 nos
634 1171 854 1223 juvare,
887 1178 932 1210 et
977 1172 1342 1220 promittentes
1388 1171 1701 1210 solenniter

224 1228 347 1276 „sub
392 1227 607 1266 vinculo
655 1227 985 1266 Sacramenti
1032 1241 1106 1278 pro
1140 1229 1284 1273 nobis,
1327 1234 1365 1267 et
1397 1227 1699 1267 Communitate

222 1283 407 1332 „Veneta
437 1281 709 1334 corporaliter
733 1283 943 1332 praestiti,
976 1283 1033 1322 de
1066 1285 1189 1333 ipsa
1218 1284 1515 1331 Dalmatia,
1549 1282 1700 1322 Civi-

225 1340 487 1389 ,‚tatibus,
517 1338 713 1386 terris,
746 1339 976 1387 castris,
1009 1339 1170 1387 locis,
1204 1339 1435 1388 insulis,
1463 1337 1699 1392 juribus,

227 1403 303 1445 „et
336 1396 552 1445 titulis,
597 1407 651 1434 ac
695 1396 939 1446 ipsorum
979 1396 1366 1447 possessione,
1408 1408 1501 1435 seu
1535 1394 1701 1433 domi-

227 1453 344 1501 „nio
389 1452 543 1492 nullo
586 1464 807 1503 unquam
852 1458 1093 1503 tempore
1136 1465 1225 1503 per
1266 1465 1387 1500 nos,
1435 1450 1514 1490 vel
1557 1450 1703 1489 alios

226 1522 347 1557 „nos
389 1510 794 1555 intromittere,
837 1508 902 1548 vel
943 1508 1180 1561 aliqualiter
1222 1509 1444 1560 impedire,
1492 1520 1621 1559 usque
1652 1507 1705 1546 ad

229 1565 436 1615 „confines
468 1566 696 1606 antedictos
728 1571 803 1606 etc.
835 1568 937 1607 ete.“

835 1654 882 1708 ξ.
927 1655 1001 1699 13.

370 1739 560 1783 Veteres
591 1739 829 1782 Croale’ae
856 1746 902 1781 et
926 1735 1214 1781 Dalmatiae
1239 1737 1455 1781 Limites.

251 1819 440 1864 Limites
482 1825 689 1869 veteres,
729 1819 804 1877 qui
833 1817 1064 1863 Croatiam
1091 1833 1115 1862 a
1150 1817 1376 1863 Dalmatia
1405 1831 1425 1863 s
1444 1817 1698 1875 ejunge-

120 1886 298 1942 bant,
338 1900 439 1930 cum
475 1887 554 1930 uni
594 1884 836 1944 eidemque
874 1898 985 1929 suae
1023 1886 1177 1944 gentis
1216 1885 1420 1944 Principi
1462 1888 1700 1944 parerent,

122 1952 257 1999 isthic
283 1952 483 1998 sollicite
510 1951 731 2011 indagare
759 1966 852 1997 non
877 1958 1029 1997 vacat.
1058 1951 1281 2011 Alioquin
1308 1953 1346 1997 si
1372 1952 1493 1996 Acta
1519 1949 1703 2011 publica

123 2019 341 2080 desuper,
378 2019 455 2066 vel
481 2019 716 2064 Auctores
744 2019 963 2064 consulas
981 2052 993 2073 ,
1031 2020 1277 2078 regionem
1302 2019 1591 2073 maritimam,
1630 2017 1705 2060 cui

123 2087 295 2145 Segnia
319 2120 329 2142 ,
360 2087 630 2131 Tersactum
647 2120 659 2142 ,
688 2085 796 2130 Lica
814 2119 825 2141 ,
854 2092 991 2146 atque
1017 2086 1198 2146 reliqua
1222 2086 1329 2131 loca
1356 2085 1705 2142 circumjacent,

122 2155 386 2212 promiscue
412 2167 533 2197 nunc
559 2152 615 2197 ad
639 2152 781 2209 hanc,
819 2152 956 2197 modo
994 2153 1050 2198 ad
1074 2153 1198 2198 illam
1221 2151 1392 2197 referri
1432 2151 1703 2212 deprehen-

125 2219 222 2263 des.
262 2219 423 2273 Quoad
462 2219 734 2264 Dalmatiam
772 2233 908 2275 vero,
935 2234 1025 2265 nec
1059 2222 1160 2281 ipsa
1187 2220 1532 2276 conjunctionis
1566 2220 1706 2275 ratio,

125 2300 212 2345 qua
240 2285 471 2346 subseque
499 2285 763 2346 Hungariae
789 2312 856 2318 —
881 2293 1109 2347 tamquam
1136 2285 1498 2347 metropolitano
1540 2286 1708 2331 Terri-

124 2354 245 2398 torio
285 2379 352 2384 —-
396 2353 597 2398 obnoxia
637 2360 762 2410 erat,
813 2355 926 2398 satis
976 2356 1203 2415 cognosci
1241 2359 1411 2414 potest.
1464 2352 1516 2397 Id
1551 2359 1707 2397 tamen

128 2425 256 2464 certo
283 2421 457 2479 quuet3
485 2419 643 2479 Reges
672 2435 732 2465 ex
760 2420 939 2477 ordine,
959 2420 1047 2478 his,
1076 2434 1190 2482 quas
1217 2422 1454 2477 recensui,
1475 2420 1708 2464 caeteriS-

130 2499 216 2544 que
242 2488 477 2532 maritimis
503 2486 701 2532 Urbibus
721 2521 733 2543 ,
773 2502 798 2531 e
826 2486 989 2548 quibus
1016 2494 1160 2534 totum
1199 2502 1322 2549 pene
1348 2486 1562 2547 Regnum
1589 2500 1710 2530 con-

132 2551 293 2605 stabat,
314 2553 418 2609 jura
445 2567 527 2598 sua
552 2554 846 2614 municipalia
873 2555 1002 2601 salva
1023 2555 1291 2615 reliquisse,
1309 2557 1417 2613 quin
1442 2556 1579 2598 novis
1606 2554 1710 2612 pri-

130 2617 315 2676 vilegiis
343 2619 523 2676 additis,
543 2621 800 2666 solenniter
828 2621 1146 2667 confirmasse.
1174 2621 1364 2666 Illorum
1392 2635 1416 2665 e
1443 2620 1709 2681 praecipuis

132 2690 254 2727 erat:
283 2684 427 2730 libera
454 2686 674 2744 Comites,
700 2688 1013 2744 Rectoresve,
1050 2696 1187 2748 atque
1214 2688 1477 2748 Episcopos
1507 2685 1711 2744 eligendi

132 2756 357 2809 potestas,
385 2767 502 2811 quae
531 2760 576 2798 et
602 2761 736 2799 antea
763 2757 963 2816 populus
990 2755 1229 2811 habuerat,
1263 2762 1355 2799 tum
1382 2753 1526 2798 libera
1553 2765 1712 2809 nego-

132 2816 290 2874 tiandi,
316 2819 654 2881 navigandique
681 2820 896 2879 facultas,
924 2837 978 2868 ac
1002 2823 1191 2884 propria
1213 2820 1376 2879 judicii
1401 2832 1576 2865 norma.
1603 2815 1709 2864 Non
