1941 3143
182 114 277 162 166

178 227 275 285 jam
311 223 590 282 indicarunt,
631 231 771 271 vetus
803 225 923 283 juris
964 223 1102 281 hujus
1130 226 1403 272 exercitium
1432 241 1456 271 a
1482 226 1664 274 Judicio
1695 229 1790 276 Pa-

181 293 359 341 latinali
397 294 548 352 (223)
593 307 703 339 esse
741 292 1064 354 repetendum
1125 307 1225 339 cum
1264 296 1348 340 vix
1384 295 1526 339 ullum
1582 301 1790 358 supersit

186 362 388 420 dubium,
429 360 736 423 quoadusque
774 360 895 406 istud
925 359 1212 418 substiterat,
1255 362 1621 423 delinquentium
1648 364 1788 422 bona,

187 431 244 477 ob
296 431 500 476 criminis
552 431 844 474 atrocitatem
895 431 1064 474 amissa
1085 463 1098 486 ‚
1170 430 1455 491 probabilius
1511 438 1671 492 quarta
1721 434 1793 478 sui

186 505 319 561 parte
364 496 418 556 ἦ)
459 499 505 542 in
546 496 794 542 dominium
842 496 1018 543 Judicis
1069 497 1262 543 Palatini
1289 501 1562 551 transiisse„
1615 514 1793 561 perque

188 566 398 612 Eundem
425 565 528 610 aliis
557 564 743 622 donata,
784 565 1062 626 quandoque
1091 568 1228 611 etiam
1253 567 1441 612 vendita
1471 566 1632 613 fuisse.
1672 568 1796 613 Pro-

195 634 307 679 dunt
345 632 391 678 id
433 632 669 694 complura
710 633 813 690 ejus
853 636 1005 679 meriti
1032 633 1310 695 Diplomata,
1339 650 1363 680 a
1391 636 1549 696 primis
1576 635 1683 680 inde
1710 649 1795 681 se-

193 702 310 747 culis
351 699 515 747 sedulo
560 708 843 747 conservata
871 700 969 760 W).
1024 702 1139 747 Rem
1179 709 1331 747 autem
1375 717 1555 747 omnem
1597 703 1798 749 illustrat

192 770 495 828 Privilegium
532 768 676 814 Belae
703 769 782 815 IV.
813 769 875 814 Αο
923 770 1064 816 1263.
1094 784 1371 815 concessum
1398 770 1643 816 Ecclesiae
1671 771 1797 817 Stri-

197 839 434 898 gonIensi,
496 836 799 898 ejusdemque
843 851 868 882 e
909 837 1157 883 Tabulario
1215 837 1472 883 desumtum
1514 839 1575 895 ἡ,
1615 853 1799 899 excep-

193 908 370 951 tionem
409 919 433 949 a
473 918 635 950 norma
676 905 997 961 facie11s,ne
1041 905 1293 950 scilicet
1330 906 1798 950 Possessiones

195 972 509 1019 Nobilium
550 974 786 1032 (intellige
824 973 1156 1028 Praedialium)
1199 972 1232 1015 E
1251 972 1379 1017 cele
1399 974 1526 1017 siae
1553 972 1584 1018 S
1603 975 1801 1033 trigo-

196 1042 450 1088 niensis
513 1042 709 1100 capite
765 1039 1184 1085 damnatorum
1224 1039 1292 1084 ad
1329 1040 1524 1099 Regni
1561 1040 1799 1086 Palati-

197 1124 340 1164 num⁹
378 1107 475 1153 vel
512 1107 788 1152 Judieem
827 1107 1048 1153 Cuiiae
1088 1106 1542 1164 devolvantui„
1606 1108 1689 1153 sed
1752 1110 1794 1153 in

196 1176 457 1221 Ecclesiam
484 1174 861 1234 Strigoniensem
878 1173 1008 1233 μὴ)
1051 1174 1162 1221 Cum
1188 1174 1258 1220 his
1288 1182 1441 1220 tamen
1455 1174 1795 1221 Donationilms

198 1245 383 1291 minime
411 1249 517 1289 sunt
543 1242 920 1294 confundendae
948 1257 1066 1303 quae
1094 1242 1269 1288 ebonis
1295 1246 1499 1304 propriis
1528 1257 1612 1289 seu
1627 1242 1801 1288 Eccle-

201 1315 301 1370 siis,
340 1325 425 1357 seu
451 1310 554 1356 aliis
582 1310 824 1372 quibusvis
853 1309 1047 1357 subinde
1076 1309 1263 1356 fiebant
1303 1310 1426 1371 quod
1453 1312 1561 1357 olim
1586 1325 1682 1357 non
1707 1311 1802 1356 Ρ·1-

200 1381 372 1427 latinos
416 1379 567 1426 solum
588 1413 600 1436 ‚
645 1379 730 1425 sed
785 1392 1092 1440 quoscunque
1147 1380 1360 1440 privatos
1422 1380 1600 1440 egisse,
1663 1377 1801 1424 obvia

203 1447 418 1509 exempla
455 1445 742 1493 confirmant.

260 1527 310 1584 ³¹⁵)
343 1529 470 1578 Haec,
495 1528 532 1567 si
567 1528 664 1580 quid
698 1527 832 1577 video,
864 1527 936 1567 illa
971 1532 1112 1579 quotta
1135 1526 1380 1567 palatinalis
1412 1527 1553 1579 fuerit,
1585 1528 1708 1584 eujus
1736 1529 1805 1569 di-

319 1585 540 1639 plomatica
593 1592 820 1637 supersunt
869 1585 1072 1638 vestigia3
1125 1585 1402 1636 fragmentum
1451 1587 1600 1639 quippe
1652 1587 1805 1627 veteris

318 1642 647 1690 consvetudinis,
680 1643 914 1695 dudumque
944 1655 1018 1694 pro
1057 1643 1203 1681 merito
1233 1641 1422 1695 rejectae.
1457 1644 1560 1690 Quis
1591 1645 1699 1684 enim
1736 1645 1805 1684 in-

321 1700 556 1741 nocentium
595 1700 809 1739 securitati
849 1713 1077 1752 congruere
1111 1699 1385 1743 existimabit,
1431 1700 1652 1741 Judicibus
1694 1707 1808 1741 tanta

321 1773 396 1811 per
419 1757 755 1798 condemnativas
780 1757 1006 1797 sententias
1033 1758 1244 1796 commoda
1270 1758 1466 1808 aperire?
1497 1760 1659 1811 quando
1689 1759 1806 1812 plane

320 1817 372 1856 iis
414 1817 456 1855 in
484 1814 623 1854 causis
664 1815 919 1854 intervenire
947 1815 1181 1854 rectissime
1225 1815 1527 1866 prohibentur,
1572 1830 1593 1856 e
1636 1829 1804 1868 quarum

321 1873 529 1913 decisione
572 1871 670 1912 illos
720 1873 931 1912 successio
974 1878 1332 1924 quantumcunque
1371 1879 1529 1913 remota
1568 1874 1805 1925 contingere

319 1936 472 1983 potest.

236 2003 315 2059 ss)
349 2003 470 2043 Libet
500 1999 702 2042 formulas
744 2000 823 2038 huc
863 1999 1174 2040 subservientes
1207 2011 1254 2038 ex
1295 2000 1593 2053 authographis
1628 2002 1806 2053 quibus-

324 2062 415 2100 dam
449 2059 704 2099 subnectere
755 2057 802 2095 Ι11
835 2056 1019 2108 exemplo
1042 2056 1128 2106 1ἦ,
1134 2056 1235 2103 ‚Nos
1278 2057 1476 2097 Nicolaus
1520 2059 1649 2111 Regni
1681 2060 1805 2099 Hun—

325 2116 494 2171 „gariae
524 2115 765 2163 Palatinus,
807 2119 845 2152 et
876 2113 1009 2153 Judex
1045 2113 1348 2162 Cumanorum
1392 2116 1613 2155 memoriae
1646 2122 1719 2156 etc.
1754 2141 1805 2145 ——-

323 2206 348 2222 ,,
358 2198 406 2204 -
440 2198 493 2202 -
529 2174 636 2225 quod
677 2172 720 2210 in
749 2177 895 2210 nostra
927 2172 1244 2223 congregatione
1287 2171 1470 2222 generali
1510 2171 1808 2212 Universitatis

326 2231 566 2282 „Nobilium
601 2229 835 2270 Comitatus
870 2228 1013 2280 Chong
1003 2204 1226 2267 fradiensis
1259 2228 1379 2267 Feria
1413 2231 1592 2268 secunda
1623 2231 1811 2281 proxima

326 2263 448 2338 :ante
478 2288 647 2328 Festum
686 2286 972 2326 Assumtionis
1004 2286 1195 2337 Virginis
1241 2285 1448 2337 gloriosae
1480 2299 1610 2337 prope
1644 2286 1808 2327 Civita—

328 2354 436 2396 „tem
467 2343 764 2397 Zegediensem
798 2344 838 2381 in
870 2344 988 2382 Anno
1021 2343 1189 2382 Domini
1225 2342 1354 2383 1347ο
1375 2343 1578 2382 celebrata
1611 2365 1656 2370 -—
1686 2367 1810 2373 ———-

333 2417 450 2452 „cum
483 2401 705 2442 Possessio
739 2400 925 2439 Siienha'z
959 2401 1090 2445 dicta,
1123 2401 1163 2439 in
1204 2400 1311 2439 dicto
1346 2399 1554 2440 Comitatu
1588 2399 1809 2452 Chongra—

332 2459 496 2509 „diensi
546 2459 752 2506 existens,
798 2463 1055 2509 tamquam
1100 2458 1334 2496 hominis
1381 2457 1699 2508 proscripti
1749 2459 1810 2497 ad

333 2528 551 2567 „manus
585 2521 810 2555 nostras
845 2516 1037 2554 ordine
1068 2513 1218 2568 juris
1263 2514 1521 2553 devoluta
1553 2515 1809 2554 exstitis-

334 2580 442 2621 „set
474 2579 547 2614 etc.
588 2573 688 2611 Item
713 2571 753 2625 ε)
788 2572 901 2620 „Nos
933 2572 1130 2612 Nicolaus
1163 2572 1294 2623 Regni
1325 2571 1564 2623 Hungariae
1595 2571 1809 2612 Palatinus

335 2637 402 2677 „et
434 2630 568 2669 Judex
602 2629 880 2669 Cumanorum
924 2631 1146 2669 memoriae
1184 2629 1540 2677 commendamus,
1582 2630 1690 2680 quod
1720 2641 1809 2668 cum

334 2688 448 2735 „Nos
482 2688 532 2726 ob
565 2687 714 2738 Regiae
749 2687 994 2727 Sei-enitatis
1026 2695 1285 2739 praeceptum
1310 2686 1538 2739 generalem
1566 2685 1808 2739 Congrega-

256 2793 288 2828 d)
319 2792 418 2833 Apud
446 2792 537 2831 Pra)⁸
565 2791 668 2831 Sper.
697 2791 885 2822 Hieran-h.
911 2792 1028 2832 Hung.
1056 2793 1094 2823 Τ.
1121 2794 1144 2823 1.
1173 2802 1192 2834 p
1233 2793 1308 2824 128.
1337 2795 1369 2823 ct
1398 2800 1473 2832 seq.

257 2839 294 2879 h)
320 2840 374 2871 Ex
401 2839 554 2880 Authog.
583 2838 758 2869 hactenus
786 2838 877 2869 ined.

260 2890 290 2928 c)
318 2886 444 2918 Itidem
472 2894 515 2918 ex
538 2885 693 2926 Authog.
720 2885 809 2918 itaet.
839 2884 932 2916 ined.
