1941 3143
1650 82 1711 126 57

138 187 367 234 milianum
407 188 786 234 Archi-Ducem
824 190 878 236 de
913 191 982 237 his
1028 190 1310 252 disponere,
1376 198 1511 253 atque
1563 189 1713 237 eidem

138 256 466 318 praejudicium
494 255 640 303 simile
668 256 840 305 inferre
867 261 1094 322 potuisse.

839 394 886 449 §.
926 396 1004 441 47.

566 492 717 538 Haud
738 506 953 553 unquam
977 497 1296 540 renunciavit.

277 604 336 651 Ut
371 607 490 651 enim
527 606 572 651 in
606 612 877 667 perpetuum
919 605 1140 651 similibus
1178 606 1365 653 Juribus
1402 606 1719 664 renuncietur,

145 678 330 734 praeter
369 687 648 719 consensum
680 672 851 732 Regis„
891 688 1171 719 consensum
1198 673 1411 721 Nationis
1448 676 1721 720 necessario

147 742 331 787 omnino
367 742 572 801 requiri3
612 747 883 800 argumento
922 747 1027 786 sunt
1052 740 1184 800 leges
1227 742 1300 798 ἃ),
1340 748 1386 787 et
1418 739 1727 786 manifestiori

146 806 293 853 adhuc
317 822 429 869 prae
471 810 670 853 caeteris
710 807 971 869 Diplomata
998 808 1285 867 inauguralia
1326 807 1402 865 ¹²),
1441 823 1494 853 ac
1519 807 1728 864 Jurisju-

146 874 275 920 randi
302 874 524 920 formulae
566 875 816 931 solennes„
856 875 1019 936 quihus
1057 888 1108 920 se
1135 875 1292 934 Reges
1332 874 1596 935 Hungariae
1625 875 1728 920 sin-

148 941 243 1002 guli
282 943 327 987 in
366 945 467 1003 ipso
508 942 691 1003 Imperii
730 942 853 988 aditu
888 942 1072 988 disertis
1114 942 1273 988 verbis
1315 941 1637 1001 obstringunt„
1677 954 1728 986 se

149 1008 265 1054 fines
304 1009 486 1068 Regni,
525 1016 571 1054 et
607 1023 724 1070 quae
763 1009 820 1054 ad
856 1009 967 1055 illud
1003 1024 1278 1070 quocunque
1315 1009 1446 1055 titulo
1473 1009 1728 1070 pertinent,

147 1090 242 1121 non
277 1076 649 1132 abalienaturos„
704 1090 914 1137 quaeque
959 1075 1182 1122 hactenus
1226 1083 1502 1138 recuperata
1553 1080 1730 1132 essent,

147 1140 225 1186 vel
262 1141 364 1186 Deo
404 1142 652 1199 adjssvante
691 1148 1112 1203 recuperarentur‚
1150 1143 1316 1203 Regno
1360 1143 1415 1188 de
1455 1149 1555 1189 toto
1595 1144 1730 1188 rein-

148 1214 482 1268 corporaturos
521 1208 590 1265 ἦ).
630 1209 762 1262 Quod
798 1210 1060 1270 publicum,
1099 1218 1145 1255 et
1179 1214 1319 1256 toties
1356 1212 1603 1272 repetitum
1627 1209 1728 1254 Po-

147 1275 242 1335 puli
269 1273 565 1325 desiderium„
603 1277 733 1332 cujus
759 1277 1101 1336 implementum
1136 1276 1376 1338 Principes
1403 1278 1553 1323 nostri
1579 1277 1732 1338 palam

149 1340 466 1402 spondebant‚
504 1342 673 1387 indicio
702 1348 773 1387 est
798 1342 1193 1388 luculentissimo:
1234 1344 1480 1403 Hungaros
1507 1346 1603 1389 suis
1632 1358 1733 1388 cum

147 1408 354 1469 Regibus
388 1408 568 1466 juribus
608 1409 761 1468 Regni
792 1424 1023 1469 nunquam
1050 1409 1219 1455 cedere
1246 1411 1485 1466 voluisse3
1523 1417 1571 1455 ut
1616 1425 1735 1470 pro—

148 1475 254 1521 inde
282 1477 599 1534 conjecturae7
632 1491 657 1521 a
685 1476 868 1523 silentio
895 1479 1097 1538 petitae„
1136 1477 1209 1523 hic
1249 1478 1381 1524 locus
1409 1478 1596 1539 appingi
1622 1477 1732 1523 nul-

149 1543 330 1589 latenus
355 1546 522 1605 possit.

206 1641 254 1694 ²¹²)
287 1641 488 1680 Adnotari
522 1641 562 1680 in
586 1654 670 1680 rem
693 1646 948 1692 praesentem
973 1646 1151 1681 meretur
1177 1641 1388 1681 Articulus
1408 1643 1498 1681 21⁰³
1521 1655 1541 1681 e
1562 1642 1736 1682 Decreto

265 1698 450 1737 Andreae
474 1698 560 1745 111„
595 1703 702 1737 utut
726 1698 915 1737 historici
945 1699 1075 1737 solum
1106 1698 1265 1750 vigoris
1291 1711 1429 1750 aeque,
1456 1711 1501 1737 ac
1529 1699 1737 1738 constitu-

266 1754 392 1793 tiores
439 1761 619 1793 caeterae
663 1754 854 1794 Codicem
902 1755 1166 1794 domesticum
1213 1755 1319 1794 haud
1368 1756 1603 1807 ingressae,
1636 1767 1737 1806 quae

263 1811 435 1862 proinde
468 1811 548 1849 sori
576 1812 815 1850 auctoritate
841 1818 992 1851 carent.
1027 1812 1085 1850 lta
1114 1825 1208 1851 vero
1240 1812 1305 1850 ille
1333 1811 1449 1859 „Etsi
1478 1812 1614 1862 aliqua
1643 1823 1738 1863 pars

264 1868 424 1919 „Regni
457 1880 695 1918 quocunque
727 1867 868 1916 titulo,
910 1868 974 1906 vel
1006 1868 1139 1907 colore
1173 1882 1244 1919 per
1276 1881 1551 1919 quemcunque
1582 1868 1739 1920 Regum

265 1924 469 1973 „alienata
501 1925 740 1972 exstitisset,
772 1929 959 1963 teneatur
991 1937 1197 1973 revocare,
1229 1931 1266 1963 et
1297 1925 1403 1963 idem
1428 1925 1632 1963 Dominus
1657 1925 1741 1963 Rex

266 1981 344 2030 „ad
377 1980 454 2020 Jus
487 1981 644 2032 regium
688 1988 730 2020 ut
761 1981 945 2032 Regnum
987 1980 1225 2033 Hungariae
1269 1981 1385 2032 quasi
1427 1983 1626 2032 quoddam
1661 1981 1738 2020 Jus

266 2043 422 2087 „totum
457 2050 623 2077 suarum
656 2038 790 2088 possit
814 2038 991 2088 partium
1019 2039 1251 2091 integritate
1274 2039 1465 2089 gaudere,
1498 2039 1739 2077 sententiam

266 2094 428 2144 „ipsius
460 2095 815 2145 Archi—Episcopi
837 2094 1093 2142 Colocensis‚
1126 2108 1243 2146 quam
1270 2096 1317 2133 de
1340 2107 1543 2134 consensu
1567 2094 1740 2134 Praela-

268 2157 433 2199 „torum
469 2151 597 2202 Regni
630 2157 737 2190 esset
769 2151 1028 2200 incursurus,
1060 2151 1095 2190 si
1128 2152 1202 2191 hoc
1235 2151 1415 2202 legitimo
1448 2152 1740 2202 impedimento

267 2212 505 2255 ‚‚cessante‚
552 2208 655 2246 idem
688 2208 891 2247 Dominus
924 2208 1007 2247 Rex
1048 2208 1271 2260 neglexerit
1313 2209 1556 2247 emendare“
1578 2208 1634 2260 c).
1666 2208 1741 2246 Est

270 2276 364 2302 vero
385 2263 596 2303 Articulus
610 2265 686 2303 iste
700 2270 810 2303 tanto
828 2265 1146 2314 memorabilior,
1170 2266 1274 2316 quod
1293 2278 1379 2303 eum
1399 2264 1660 2304 wladislaus
1674 2264 1742 2312 ΙΙ.,

267 2320 345 2358 etsi
379 2320 461 2359 Rex
494 2320 617 2359 simul
647 2320 842 2360 Poloniae
877 2321 996 2370 soret,
1028 2334 1117 2360 cum
1152 2321 1323 2371 reliquis
1363 2319 1545 2374 ejusdem
1577 2321 1744 2360 Decreti

266 2376 464 2416 Articulis
497 2376 810 2417 confirmaverit.
844 2379 921 2416 Sed
955 2384 1166 2429 praeterea
1198 2378 1333 2426 etiam,
1368 2378 1474 2428 quod
1505 2378 1637 2430 Reges
1661 2390 1744 2416 no-

267 2433 343 2472 stri
375 2433 474 2472 haec
506 2435 554 2473 de
580 2432 676 2487 jure
707 2434 913 2485 principia
939 2433 1024 2487 jam
1057 2435 1106 2474 ab
1139 2434 1235 2473 olim
1273 2434 1603 2486 recognoverint,
1635 2433 1743 2473 inter

268 2489 492 2540 complura,
524 2491 764 2530 nominatim
788 2492 976 2531 Andreae
1002 2491 1070 2542 11„
1101 2490 1289 2532 Ladislai
1309 2490 1542 2541 Posthumi,
1562 2490 1744 2531 Mathiae

268 2544 439 2586 Corvini
473 2547 656 2599 exempla
687 2553 902 2588 testantur.

197 2681 228 2715 ³)
257 2681 355 2716 1439.
382 2684 434 2717 14.

198 2728 230 2766 ¹³)
258 2729 341 2782 Yid3
366 2732 517 2809 piqlom.
552 2735 673 2775 lnaug.
710 2744 728 2766 a
759 2735 863 2768 Ferd.
895 2735 936 2766 11.
963 2744 1076 2776 usque
1105 2736 1360 2776 Imperatorem
1394 2732 1558 2767 Austriae
1577 2731 1740 2773 ejusdem

250 2784 401 2807 nominis
437 2801 444 2808 .

198 2820 227 2861 c)
254 2821 460 2856 Kovachich
482 2822 516 2855 in
536 2823 637 2857 vest.
658 2824 756 2858 Com.
783 2825 891 2867 supp.
913 2826 954 2859 T.
981 2826 1010 2859 1.
1034 2835 1065 2868 p.
1089 2826 1166 2859 118.
