1941 3143
1667 81 1726 129 19

150 199 270 257 alibi,
310 205 355 244 et
381 211 469 259 qua
496 196 782 258 plenitudine
811 197 1032 254 obtineat,
1058 209 1209 243 meum
1234 209 1328 241 non
1355 200 1427 241 est
1454 193 1730 255 disquirere.

148 266 282 329 Apud
329 279 415 311 nos
454 264 536 310 Jus
574 265 696 311 istud
746 273 847 312 esto
899 281 958 311 ex
1006 264 1163 310 indole
1188 263 1446 322 Regiminis
1488 262 1731 323 procedat,

147 335 322 395 Regiae
349 333 608 391 Majestatis
644 335 895 395 personale
934 334 1119 378 omnino
1157 331 1412 384 constituit.
1464 336 1509 374 et
1550 330 1733 389 quidem

151 402 282 449 effato
340 401 497 461 legum
543 400 749 461 legitime
800 408 1053 447 coronatae
1110 398 1353 444 exclusive
1394 399 1630 458 proprium
1672 398 1730 454 ³).

150 469 222 516 Nil
248 476 398 515 autem
425 467 480 512 de
516 467 602 514 hac
643 468 755 515 solis
781 469 988 528 Regibus
1016 467 1203 513 adserta
1241 471 1477 526 potestate
1526 464 1736 524 decerpit

150 537 407 598 quidquam,
435 535 558 596 quod
582 537 782 583 Praelati
810 539 966 597 aliqui„
993 535 1239 596 Regnique
1265 532 1499 578 Palatinus
1527 532 1733 587 Litteris,

147 605 382 664 Privilegii
424 602 619 649 formam
659 603 1056 666 praeferentibus„
1094 601 1302 663 praedia„
1343 608 1389 646 et
1422 599 1544 645 bona
1581 599 1735 645 tribu-

149 679 223 718 ant
259 670 532 718 immobilia:
573 687 677 717 nam
717 674 803 718 ista
845 672 899 717 ab
938 671 1119 730 Regum
1155 672 1362 730 ipsorum
1413 669 1736 727 originetenus

145 753 421 800 promanans
460 740 692 797 activitaS‚
718 766 785 772 —-
812 738 1054 784 admodum
1083 738 1388 796 caeteroquin
1427 738 1644 781 restricta
1669 760 1736 767 —

147 809 473 869 exceptionem
510 808 656 866 magis
698 822 723 852 a
748 806 910 867 regula
938 806 1169 851 communi
1192 802 1391 859 redolet,
1431 817 1520 848 nec
1544 802 1737 864 pariles,

148 875 272 936 quod
291 876 384 934 jam
410 873 608 921 vidimus
635 874 867 936 producit„
897 874 1104 920 effectus.

841 1024 888 1079 ὃ.
929 1025 1040 1070 347.

804 1138 1075 1196 Requi-sita.

286 1247 422 1293 Plura
448 1249 631 1293 interim
657 1250 780 1294 circa
804 1252 1163 1295 concessionem
1178 1249 1539 1309 Privilegiorum
1565 1246 1738 1293 obser-

150 1314 300 1360 vanda
326 1315 722 1375 praescribuntur.
759 1318 969 1361 nimirum
998 1332 1056 1362 ne
1082 1318 1182 1362 Juri
1208 1317 1381 1368 divino.
1412 1331 1495 1363 seu
1520 1316 1736 1368 naturali.

150 1396 234 1428 seu
257 1384 480 1443 positivo.
505 1398 626 1429 neve
654 1386 881 1429 communi
907 1383 1060 1444 Regni
1087 1384 1435 1440 Constitutioni„
1464 1390 1510 1428 et
1536 1383 1633 1439 fini.
1658 1383 1738 1429 vel

149 1452 302 1495 avitae
328 1450 530 1496 libertati
556 1451 867 1497 adversentur
909 1450 987 1509 Ὃς
1016 1467 1133 1512 quae
1162 1459 1328 1498 cuncta
1369 1456 1533 1511 suapte
1560 1451 1740 1496 intelli-

147 1523 331 1576 guntur.
371 1517 441 1563 Ne
467 1526 715 1579 praeterea
741 1518 841 1564 Juri
870 1519 1127 1581 cujuspiam
1147 1523 1331 1566 ratione
1359 1521 1497 1565 etiam
1525 1517 1635 1575 loci,
1662 1518 1741 1564 vel

149 1587 371 1645 temporis
399 1619 412 1642 ἢ
448 1587 528 1632 vel
566 1588 807 1647 utriusque
849 1586 984 1632 simul
1031 1587 1355 1649 praejudicent
1397 1587 1456 1644 ἣ,
1507 1600 1641 1646 quam
1682 1586 1738 1632 ob

149 1666 334 1698 causam
385 1653 612 1699 clausula:
666 1653 876 1712 „salvo
914 1654 1064 1700 Jure
1103 1655 1341 1700 alieno“
1378 1653 1606 1712 religiose
1649 1654 1737 1699 ad-

142 1720 226 1776 jici
265 1723 514 1767 consvevit
538 1720 609 1779 ³³),
649 1727 695 1766 et
727 1721 807 1767 vel
832 1726 1084 1782 propterea
1109 1723 1362 1782 Privilegia
1399 1722 1488 1765 rite
1524 1721 1739 1780 promul-

148 1790 250 1845 gari
288 1795 499 1848 oportet3
535 1787 617 1846 W)
659 1787 883 1848 quaedam
908 1788 1079 1850 plane,
1115 1788 1263 1836 veluti
1290 1795 1426 1834 antea
1452 1785 1620 1845 NauH,
1658 1789 1739 1835 vel

151 1854 353 1913 Telonii3
394 1862 530 1915 atque
574 1857 819 1900 etiamnum
846 1854 1163 1902 Nundinarum
1189 1859 1263 1913 iis,
1304 1869 1496 1917 quorum
1522 1856 1738 1915 interest,

153 1935 247 1967 non
275 1922 458 1979 auditis,
500 1922 711 1984 expediri
750 1937 843 1968 non
882 1924 1050 1969 solent.
1111 1924 1268 1969 Facile
1306 1923 1414 1969 hinc
1449 1921 1739 1983 intelligitur„

152 1988 305 2034 dolum
345 2004 528 2050 quoque
566 2005 748 2035 omnem
810 1989 1085 2050 longissime
1135 1991 1303 2037 abesse
1364 1989 1550 2036 debere.
1610 1990 1742 2037 Unde

153 2054 453 2115 Privilegium
477 2059 591 2103 vitio
633 2059 735 2104 sive
771 2056 1090 2119 obreptionis,
1130 2073 1219 2119 quo
1257 2057 1425 2104 falsum
1465 2055 1743 2116 obtruditur„

152 2124 253 2167 sive
291 2123 625 2184 subreptionis„
664 2138 754 2185 quo
781 2128 958 2172 veritas
997 2127 1191 2185 celatur⁷
1228 2125 1463 2183 laborans,
1505 2125 1546 2170 si
1583 2127 1739 2188 impu-

153 2195 341 2247 gnetur7
380 2191 427 2236 in
452 2192 628 2236 irritum
654 2191 760 2238 abit.

206 2283 256 2338 *)
288 2284 483 2325 Formula
513 2287 624 2336 haec,
658 2301 774 2339 quam
806 2288 936 2328 Patrii
969 2288 1273 2329 Jurisconsulti
1304 2289 1428 2341 vulgo
1461 2289 1742 2329 salvifica-

263 2343 458 2382 toriam
490 2345 742 2395 praedicant,
788 2347 964 2397 idgenus
1013 2346 1186 2386 Litteris
1220 2346 1420 2386 inseritur
1451 2359 1499 2386 ex
1530 2359 1608 2386 usu
1641 2361 1742 2398 pcr-

261 2412 379 2450 quam
414 2408 598 2440 vetusto:
632 2401 780 2452 quodsi
811 2409 944 2441 tamen
976 2404 1274 2454 praetermissa
1305 2403 1447 2451 fuerit,
1469 2403 1742 2455 Privilegium

265 2468 347 2494 non
380 2456 491 2496 illico
523 2457 681 2497 nullum
714 2463 799 2505 estg
842 2472 984 2498 verum
1022 2461 1073 2499 ad
1104 2458 1218 2514 ejus,
1265 2473 1381 2512 quem
1413 2461 1561 2501 damno
1593 2460 1743 2509 adficit,

270 2513 565 2561 querimoniam
598 2526 672 2565 pro
714 2513 895 2554 invalido
928 2517 1252 2566 pronunciatur:
1295 2530 1343 2556 ea
1382 2530 1554 2569 namque
1586 2517 1744 2571 adjecta

267 2567 334 2617 sit,
367 2568 429 2608 vel
459 2582 593 2619 secus,
616 2569 885 2610 nihilominus
911 2571 1049 2612 inesse
1075 2579 1279 2625 censetur,
1300 2574 1394 2627 quia
1417 2575 1617 2615 neminem
1639 2586 1742 2613 con-

194 2712 225 2751 1⁴)
255 2713 350 2745 Part.
376 2715 415 2745 11.
444 2718 483 2746 tt.
512 2717 545 2748 7.
573 2719 607 2748 et
633 2724 709 2758 seq.
736 2717 836 2750 1791.
863 2722 928 2751 art.
954 2718 986 2752 3.
1015 2722 1050 2752 et
1075 2719 1132 2754 32.

192 2769 227 2810 b)
255 2771 399 2812 Prolog.
428 2773 497 2806 Tit.
522 2773 553 2806 9.
582 2777 618 2805 et
642 2774 738 2807 Part.
764 2776 805 2810 11.
834 2779 873 2811 tt.
899 2777 954 2812 10.

193 2826 226 2866 c)
252 2827 319 2861 Cit.
344 2829 382 2861 P.
407 2830 450 2863 11.
479 2832 522 2865 tt.
547 2830 579 2864 9.
604 2834 638 2864 et
665 2831 718 2866 10.
