1941 3143
1638 123 1703 170 87

812 229 858 283 s.
905 233 1012 279 101.

466 313 778 358 Ferdimmdf
802 317 913 359 ilem
946 315 975 358 Ι.
1008 316 1340 368 confirmatur.

245 394 315 439 Ne
343 393 512 454 aliquid
540 396 1037 454 praetermisissejure
1066 395 1329 455 culpemur„
1358 396 1481 456 quod
1507 395 1699 456 plenio-

114 477 209 508 rem
234 461 304 506 his
332 476 449 522 quae
478 461 597 506 dicta
625 468 759 508 sunt.
799 461 949 507 lucem
976 462 1187 518 affundit,
1221 464 1398 520 juverit
1425 463 1478 508 ad
1508 463 1699 508 Decreti

114 529 166 575 Ai
223 529 361 575 1537.
404 528 643 573 articulum
670 528 872 573 ultimum
902 531 1107 588 Παρεργον
1146 531 1398 591 appellare.
1451 530 1594 586 Quem
1630 532 1701 575 si-

111 596 245 643 modo
286 598 387 656 quis
428 601 602 640 attente
644 595 1033 655 perlustraverit,
1075 598 1309 658 extemplo
1339 598 1569 658 (lispicietq
1620 600 1699 642 ni-

112 665 171 709 hil
197 664 251 709 al)
279 665 476 722 antiquis
515 662 743 719 Maj0rum
770 662 973 707 moribus
1017 664 1215 709 alienum
1242 664 1389 710 fuisse
1416 671 1695 726 reputatum,

111 732 192 777 sub
219 730 508 776 Ferdinando
538 729 571 774 Ι.
600 736 762 790 petere
790 732 981 774 iterum.
1022 737 1159 791 atque
1200 735 1448 793 impetrare
1477 732 1698 778 Liberta—

109 806 201 844 tum
219 833 231 855 ,
268 797 716 857 Privilegiorumque
744 796 1151 843 Confirmationem
1170 833 1182 856 .,
1210 802 1285 860 qui
1313 799 1394 845 has
1423 814 1523 844 cum
1550 802 1697 860 primo

109 881 192 912 suo
220 868 265 911 in
290 865 501 924 Regnum
542 866 789 924 ingressu?
829 879 884 910 ae
920 872 1084 926 postea
1113 869 1208 911 suis
1249 866 1331 912 sub
1360 866 1693 927 inauguratio-

108 937 179 979 nis
216 933 448 979 Solenniis
482 933 776 989 jin-amento.
816 939 862 977 et
902 933 1090 978 Litteris
1135 939 1270 979 antea
1307 934 1584 981 roborasset
1620 933 1694 993 ᾗ),

110 1000 367 1060 abindeque
404 1013 481 1044 res
517 1013 609 1044 non
643 1013 786 1060 scopo
815 1000 1029 1059 quidem7
1068 1007 1279 1062 tempore
1320 1009 1504 1060 tamen7
1545 1017 1692 1049 ocea-

106 1070 269 1122 sione,
309 1074 353 1111 et
382 1069 563 1126 origine
593 1066 803 1127 dispares
832 1067 955 1113 sacili
983 1071 1175 1127 negotio
1205 1069 1472 1130 distinguet.

158 1160 209 1214 *J
244 1161 310 1199 Sic
334 1161 439 1200 enim
465 1168 585 1200 sonat
612 1163 688 1209 „de
718 1162 895 1212 publicis
924 1163 1051 1204 totius
1071 1164 1203 1217 Regni
1229 1165 1484 1217 Hungariae,
1517 1180 1561 1206 ac
1587 1166 1696 1205 Par-

212 1217 341 1265 „tium
378 1218 458 1256 sibi
499 1217 776 1270 subjectarum
816 1219 1102 1270 libertatibus,
1143 1235 1189 1262 ac
1228 1224 1462 1275 privilegiis
1498 1225 1546 1262 de
1585 1237 1694 1263 novo

212 1273 557 1322 ‚‚confirmandis,
612 1280 650 1312 et
690 1275 960 1315 observandis
1009 1300 1063 1307 --
1106 1301 1154 1308 -
1191 1302 1243 1308 ——
1286 1281 1437 1334 Regiae
1479 1280 1694 1334 Majestati

213 1331 420 1379 „Domino
450 1331 604 1370 Nostro
637 1330 971 1371 clementissimo
1003 1334 1166 1384 publico
1203 1338 1366 1376 nomine
1396 1338 1694 1389 supplicamus.

213 1387 284 1441 ‚,§.
317 1389 353 1428 1.
373 1387 461 1434 Qua
487 1387 798 1439 Supplicatione
825 1396 991 1440 accepta
1018 1414 1070 1418 --
1099 1414 1150 1419 ——
1173 1414 1223 1420 —
1249 1392 1451 1446 Majestas
1475 1393 1566 1448 ejus
1591 1408 1694 1446 gra·-

211 1445 346 1495 ,‚tiose
382 1446 618 1496 respondit,
661 1446 767 1496 quod
807 1445 899 1485 licet
940 1452 1179 1498 tempore
1223 1449 1412 1490 felicis
1446 1451 1696 1492 Corona-

211 1502 406 1550 „tionis
440 1503 595 1551 Suae,
642 1509 688 1542 et
729 1503 886 1542 etiam
929 1510 1084 1544 antea
1127 1506 1178 1544 in
1221 1506 1475 1558 ingressu
1509 1521 1604 1548 suo
1638 1508 1692 1548 in

208 1558 273 1608 „U
292 1560 513 1611 ngariae
545 1560 775 1611 Regnum
809 1562 859 1599 ad
888 1563 1093 1601 servanda
1125 1563 1262 1602 omnia
1289 1565 1523 1617 privilegia,
1556 1565 1689 1604 liber-

208 1622 339 1663 „tates
370 1616 598 1656 laudabiles
633 1617 751 1666 item,
783 1624 822 1656 et
857 1619 1105 1669 approbatas
1144 1622 1467 1661 consuetudines
1504 1622 1690 1673 publicas

205 1673 368 1720 „instar
410 1675 775 1724 praedecessorum
811 1674 1051 1726 Hungariae
1102 1677 1256 1728 Regum
1300 1678 1526 1718 solenniter
1561 1677 1689 1731 jura-

205 1730 352 1777 ‚,verit‚
385 1736 433 1768 et
465 1730 755 1780 superinde
787 1732 940 1770 etiam
975 1732 1192 1772 litteras
1226 1734 1500 1774 efficaces
1534 1736 1688 1775 nobis

205 1787 456 1835 „dedisse
501 1788 708 1826 recenti
755 1789 1007 1827 memoria
1052 1795 1249 1830 teneat.
1292 1790 1336 1845 ξ.
1378 1792 1417 1832 2.
1458 1793 1613 1831 Tamen
1647 1793 1684 1832 si

203 1856 300 1890 „eas
324 1856 562 1894 quocunque
587 1845 706 1882 modo
733 1866 784 1873 —-
804 1867 855 1872 -
881 1845 1058 1895 periisse
1082 1847 1339 1899 contigisset,
1366 1847 1458 1901 ejus
1483 1847 1687 1901 Majestas

204 1913 331 1948 „non
364 1900 687 1952 gravabitur
718 1913 888 1939 novas
922 1901 1195 1951 Litteras,
1227 1905 1444 1944 similes
1478 1906 1684 1957 priori-

203 1957 350 2005 „bus,
392 1957 632 1996 omnibus
674 1958 836 2009 Regni
881 1959 1166 1999 ordinibus
1215 1962 1362 2010 dare,
1405 1968 1453 2001 et
1496 1976 1683 2002 conce-

201 2015 354 2062 „dere
386 2014 649 2066 gratiose.
694 2013 737 2068 §-
770 2013 809 2054 3.
838 2014 1000 2066 Easque
1039 2030 1179 2056 omnes
1219 2017 1431 2058 libertates
1470 2042 1520 2048 —
1559 2042 1612 2048 —-
1641 2025 1687 2060 ut

200 2071 367 2121 ‚‚pium‚
400 2076 437 2109 et
468 2069 629 2123 justum
662 2072 773 2110 decet
807 2071 1063 2123 Principem,
1096 2074 1394 2115 inviolabiliter
1430 2076 1684 2119 observabit.

201 2125 272 2179 „5
304 2126 342 2166 [ι.
376 2127 421 2165 Id
455 2128 561 2177 quod
588 2140 724 2167 coram
750 2128 938 2168 Dominis
970 2130 1189 2180 Praelafis,
1221 2138 1259 2170 et
1289 2133 1419 2186 Regni
1458 2133 1681 2173 Nobilibus

202 2184 298 2233 „qui
335 2196 382 2221 ex
417 2190 619 2224 conventu
656 2186 916 2237 praescripto
967 2186 1193 2237 Ordinum,
1241 2194 1279 2228 et
1324 2191 1511 2230 Statuum
1548 2191 1681 2243 Regni

200 2239 374 2287 „delecti
403 2240 660 2291 exstiterunt,
691 2243 876 2281 Viennae
901 2256 975 2295 pro
1009 2244 1114 2284 festo
1145 2246 1186 2284 Β.
1219 2246 1454 2286 Dorotheae
1484 2248 1602 2299 Virg.
1638 2252 1677 2286 et

201 2296 351 2345 ‚‚Mart.
371 2297 466 2336 anni
488 2299 737 2351 praescripti
769 2299 878 2339 1537
900 2313 991 2341 sese
1020 2301 1234 2352 facturam,
1255 2303 1352 2343 viva
1374 2317 1469 2344 voce
1489 2303 1684 2346 obtulit‚‘⁶

788 2404 835 2459 ὃ.
882 2406 989 2451 102.

163 2485 200 2529 Α
231 2485 450 2532 ‚llalln‘ae
474 2488 536 2532 Il.
567 2487 874 2544 ῐεηιῃονῖότιε
894 2491 1156 2547 praecedit
1190 2492 1595 2539 Coronationem.

219 2580 513 2641 Inauguralia
541 2585 660 2629 inter
699 2584 957 2646 Diplomata
997 2590 1185 2635 arctiori
1213 2587 1501 2647 definitione„
1543 2606 1675 2651 quam

89 2650 410 2706 praemisimus
456 2651 570 2707 (98)
610 2660 831 2714 accepta,
871 2656 1095 2702 Vladislai
1121 2657 1154 2702 Ι.
1191 2660 1559 2703 vetustissimum
1588 2666 1676 2715 est,

85 2714 208 2773 quod
247 2714 470 2761 hactenus
516 2718 799 2766 eruditorum
845 2722 1021 2769 detexit
1062 2724 1316 2779 industria‚
1364 2728 1677 2784 posteriorum

82 2780 260 2839 Regum
287 2782 509 2842 pleraque
560 2783 720 2831 Codex
759 2788 1041 2836 domesticus
1080 2795 1299 2837 continet.
1335 2817 1401 2823 —
1438 2792 1676 2838 Dabantur

85 2854 221 2895 antea
247 2849 325 2897 vel
352 2849 598 2898 confestim
625 2860 733 2915 post
759 2855 1068 2916 electionem2
1108 2861 1174 2905 uti
1199 2874 1224 2905 a
1261 2873 1383 2905 nunc
1418 2865 1674 2907 memorato
