1941 3143
115 122 245 171 <24

294 243 558 283 suspensum,
591 233 872 284 deportantes,
904 229 1116 270 indefinito
1140 243 1323 280 numero,
1355 244 1400 271 ac
1431 238 1592 273 exteros
1617 244 1776 282 quoque

293 302 384 329 csse
418 289 618 340 potuisse.
664 289 891 336 Ornatum,
922 287 1009 326 sive
1042 287 1225 327 habitum
1259 289 1392 329 coetui
1420 288 1662 342 proprium,
1696 301 1775 340 quo

296 346 399 386 socii
430 347 550 387 statis
583 346 728 387 diebus
760 346 900 385 vestiti
932 345 1234 398 comparebant,
1266 346 1421 387 Bonani
1449 349 1636 400 designat
1659 348 1717 398 ὃ).

876 482 923 537 §.
965 481 1077 528 356.

706 598 913 659 Equites
945 599 994 643 S.
1037 597 1256 657 Georgii.

322 713 643 760 Domesticum
672 711 810 759 alium
835 713 1043 757 incertae
1071 711 1267 771 originis
1295 711 1514 758 Ordiiiem
1550 710 1584 755 B
1603 724 1627 756 e
1646 717 1734 755 ata
1756 724 1781 755 e

184 780 421 827 Mariae
469 782 760 841 Virginis
824 779 891 825 de
941 779 1147 826 Stella
1194 779 1429 835 viridi.
1486 778 1780 838 Megisserus

185 855 412 894 memorat
453 848 497 908 b)
515 866 526 905 ς
542 848 776 894 Dufresne
794 848 931 893 alium
949 846 1088 901 Nodi.
1104 849 1205 893 sive
1225 849 1454 892 amicitiae
1470 846 1524 891 ab
1543 845 1782 892 Ludovico

187 916 248 962 M.
268 924 474 962 creatum
517 921 573 974 ⁰),
594 924 792 976 uterque
813 915 951 960 nullis
979 916 1023 959 in
1050 928 1149 959 rem
1176 914 1382 959 fontibus
1411 914 1638 958 indicatis.
1659 910 1781 958 Cer-

187 986 278 1030 tius
306 984 448 1044 longe
466 1019 478 1032 .
519 986 736 1045 quoniam
764 983 945 1029 Statuta
972 988 1224 1042 supersunt
1266 978 1305 1040 d)
1327 1015 1340 1038 a
1368 980 1424 1025 de
1452 980 1637 1026 militari
1664 994 1784 1041 qua-

187 1054 308 1113 piam
355 1052 589 1111 religione
629 1057 849 1106 constat7
891 1055 1045 1094 aetate
1093 1047 1249 1095 Caroli
1284 1048 1317 1093 Ι.
1363 1047 1651 1104 coadunata,
1699 1046 1783 1092 sul)

186 1121 374 1165 nomine
401 1120 743 1166 Societatis
778 1115 1164 1163 fraternalis
1192 1115 1470 1162 Militiae
1509 1116 1554 1162 S.
1585 1114 1780 1161 Geor-

187 1188 247 1246 gi
266 1188 304 1242 i3
345 1188 477 1244 cujus
506 1185 723 1243 sodales,
752 1184 876 1246 quod
902 1183 1186 1243 Sigismundi
1214 1185 1480 1230 testimonio
1508 1182 1646 1244 paulo
1675 1186 1782 1227 ante

189 1256 528 1316 comperimus,
582 1268 768 1299 crucem
805 1252 996 1298 rubeam
1041 1254 1085 1297 in
1119 1266 1280 1313 campo
1333 1251 1436 1297 albo
1493 1248 1780 1296 deserebant.

189 1321 283 1369 Sub
325 1322 413 1368 hae
452 1324 638 1368 interim
677 1336 772 1367 non
816 1320 1035 1367 Ordinem
1074 1322 1282 1380 egregiis
1323 1318 1610 1364 facinoribus
1637 1330 1782 1379 prae-

190 1390 384 1435 miandis
426 1389 480 1435 ab
519 1390 653 1450 Rege
692 1390 969 1445 excitatum„
1008 1402 1173 1434 verum
1216 1387 1444 1433 occultam
1479 1387 1633 1447 potius
1661 1399 1782 1431 con-

192 1459 526 1515 sociationem,
567 1456 890 1503 defendendae
927 1456 1072 1516 Regis
1114 1455 1281 1511 saluti,
1322 1470 1375 1500 ae
1409 1454 1596 1499 Jurihus
1624 1455 1783 1498 inten—

192 1531 311 1583 tam,
352 1525 665 1585 subintelligi,
704 1525 895 1585 regulas
932 1524 1034 1570 illas
1062 1524 1294 1583 relegenti
1333 1525 1546 1584 protinus
1575 1521 1780 1583 adpare-

190 1592 284 1651 bit„
325 1608 443 1654 quae
484 1596 522 1639 si
563 1600 700 1640 antea
726 1593 928 1639 fuissent
968 1596 1013 1638 in
1053 1593 1205 1638 lucem
1249 1591 1536 1653 productae.
1575 1591 1658 1636 vix
1708 1591 1784 1650 qui

192 1660 312 1707 hanc
336 1663 382 1706 in
409 1676 506 1707 rem
533 1661 962 1708 commentabantur
1005 1661 1065 1718 ⁰),
1096 1674 1181 1722 pro
1209 1661 1387 1706 veteris
1414 1658 1608 1717 hujusce
1635 1657 1782 1703 Insti-

192 1731 277 1774 tuti
302 1729 512 1791 reliquiis
540 1730 764 1776 Aurato
782 1743 802 1776 s
839 1726 1098 1790 Equites
1119 1762 1131 1785 a
1172 1726 1254 1774 sub
1290 1727 1654 1788 Inauguratione
1693 1739 1777 1771 re-

192 1798 269 1863 gia
295 1799 448 1847 creari
473 1798 639 1847 solitos
657 1833 671 1858 ,
709 1797 789 1846 vel
816 1795 1184 1856 conjecturaudo
1213 1795 1499 1843 habuissent.

883 1947 931 2003 ξ.
973 1946 1085 1992 357.

773 2045 979 2106 Equites
1002 2044 1194 2091 Auraei.

329 2164 445 2211 Nam
470 2163 661 2225 Equites
687 2168 924 2224 postremo
953 2164 1370 2214 commemoratos,
1410 2158 1485 2218 qui
1513 2171 1602 2202 nec
1628 2158 1782 2216 signo„

193 2249 344 2295 neque
372 2231 685 2294 peculiaribus
711 2229 1057 2292 praerogativis
1086 2227 1428 2286 distinquuntur
1446 2261 1458 2281 v
1486 2227 1567 2271 vix
1595 2225 1780 2285 aliquod

194 2303 378 2348 dubium
413 2306 654 2353 remanet,
688 2299 783 2356 jam
822 2297 1156 2343 vetustissimis
1192 2293 1510 2355 temporibus.
1563 2294 1783 2354 imprimis

194 2373 239 2416 in
266 2373 368 2431 ipso
399 2368 581 2414 solenni
599 2366 858 2425 Regimiuis
886 2363 1009 2408 aditu
1027 2363 1150 2408 Ense
1178 2375 1434 2424 percussos
1462 2358 1782 2425 exstitisses).

196 2437 252 2482 ad
292 2437 375 2481 Jus
413 2435 604 2495 Equites
646 2431 847 2478 faciendi
887 2431 1095 2490 Regibus
1131 2443 1403 2481 commune„
1454 2443 1508 2473 ae
1547 2429 1784 2489 proprium

198 2503 446 2550 confestim
474 2500 786 2547 exercendum
805 2534 817 2558 ‚
856 2506 1086 2561 tempore7
1113 2511 1337 2559 moreque
1364 2496 1608 2543 consimili.
1649 2496 1784 2542 sicuti

234 2659 266 2699 a)
296 2656 488 2704 Qctseidmiss
510 2661 560 2692 ber
582 2658 676 2703 geistl.
701 2660 761 2692 unt*
783 2656 949 2702 meitiidJcn
973 2656 1216 2694 {Rittctaetbem
1244 2669 1274 2701 p.
1290 2657 1345 2693 41.
1366 2662 1399 2692 et
1416 2665 1492 2701 seq.

234 2717 272 2759 1’)
299 2720 337 2750 111
366 2718 490 2750 Annal.
519 2717 677 2749 Carintii.
704 2718 740 2749 P.
760 2718 802 2751 ΙΙ.
828 2717 866 2750 C.
893 2717 947 2749 19.

233 2775 271 2816 c)
299 2776 390 2809 nist.
411 2776 549 2808 Bizant.
576 2776 612 2808 L.
640 2776 670 2808 8.
699 2773 727 2816 ᾗ.
755 2776 810 2808 13.
838 2784 868 2817 p.
896 2776 977 2807 271.

238 2831 274 2872 d)
300 2835 338 2865 ln
367 2835 444 2866 Act.
467 2833 608 2866 Musaei
629 2834 705 2866 Nat.
731 2833 849 2874 Hung.
876 2841 920 2865 ex
944 2832 1032 2873 orig.
1054 2831 1189 2864 desum.
1212 2841 1242 2873 p.
1272 2831 1349 2864 155.

239 2893 272 2932 e)
298 2891 389 2934 Pray
417 2891 453 2924 in
473 2891 568 2925 Hist.
587 2892 674 2934 Reg.
692 2891 810 2934 Huug.
828 2891 868 2924 Ρ,
892 2890 933 2924 11.
961 2889 1038 2924 199.
1066 2892 1101 2923 et
1128 2887 1279 2930 Cziraky
1299 2886 1462 2931 opuscul.
1490 2884 1596 2928 paulo
1621 2887 1701 2918 ante
1722 2883 1780 2917 cit.
