1941 3143
191 106 253 152 10

185 215 505 261 transmissum
565 216 620 262 ad
671 231 904 266 normam.
961 233 1048 279 qua
1098 218 1255 278 Reges
1308 218 1530 280 deinceps
1582 226 1767 279 gentem

186 282 450 342 HungarIae
477 283 808 342 gubernarent,
837 288 897 330 ita
923 286 1117 331 relatum
1157 286 1256 342 fuit‚
1285 293 1333 330 ut
1360 286 1413 330 ab
1443 286 1531 331 hoc
1558 293 1768 347 tempore

186 350 356 409 singuli
383 350 490 395 illud
530 354 780 397 occasione
818 354 1026 397 solennis
1066 353 1439 412 Inaugurationis
1469 353 1769 410 jurejurando

186 430 238 461 se
266 424 538 463 servaturos
566 419 851 478 sponderent
894 422 951 478 ‘'J.

239 497 290 550 *)
324 496 426 550 Ejus
459 499 719 548 caeteroquin
743 500 782 538 in
805 513 977 551 corpore
1001 500 1118 540 Juris
1144 502 1344 540 exstantis
1369 501 1585 553 synopsim
1613 501 1777 540 exhibet

296 554 505 593 Gebhardi
546 554 583 596 in
626 557 691 597 ber
733 555 948 609 (geschichte
988 559 1057 599 bess
1097 559 1263 611 §michea
1298 561 1474 610 Ungarn.
1520 558 1692 609 Szegedi
1736 559 1775 596 in

295 624 441 661 opere,
473 611 537 650 cui
570 612 739 651 titulus:
773 614 1002 661 „Assertor
1033 614 1258 654 Libertatis
1292 614 1562 665 Hungaricae
1589 616 1776 654 Andreas

294 667 399 713 lt.;“
432 666 696 708 illustrarunt
735 683 831 709 vero
860 670 971 710 illam
994 671 1134 711 Palma
1166 672 1205 711 in
1228 671 1356 711 Notit.
1385 673 1476 711 Rer.
1502 671 1639 724 Hung.
1667 672 1711 710 Ρ.
1745 671 1775 711 1.

293 724 501 765 Martinus
535 726 769 766 Kovachich
803 728 843 767 in
880 734 980 768 vest.
1015 728 1302 778 Comitiorum,
1335 736 1454 780 atque
1486 729 1572 767 alii.

853 817 898 872 ὃ.
938 817 1107 863 XVIII.

425 898 571 952 Quod
592 910 771 944 contra,
811 914 958 958 qnam
991 901 1275 946 adversarie·
1312 910 1545 944 stantune.

317 978 457 1024 Varia
494 987 768 1041 pervetusto
797 981 903 1025 huic
929 981 1222 1041 Hungaricae
1268 980 1515 1024 Libertatis
1543 978 1724 1040 Clypeo
1753 994 1778 1024 a

181 1046 494 1107 compluribus
523 1048 768 1107 aliquando
796 1048 930 1092 fuere
970 1050 1214 1109 opposita„
1255 1054 1301 1091 et
1341 1060 1449 1091 acre
1488 1047 1638 1092 eidem
1666 1046 1774 1092 bel-

180 1114 270 1158 lum
297 1116 564 1160 nominatim
591 1129 615 1158 a
643 1113 958 1173 Grossingero
1002 1114 1063 1172 ΙἼ,
1093 1122 1138 1160 et
1162 1114 1502 1160 Gustermanno
1547 1116 1587 1172 ⁰)
1617 1113 1772 1159 indic—

180 1188 288 1225 tum.
328 1180 431 1225 Non
473 1183 561 1226 erit
600 1181 796 1241 proinde
838 1182 892 1227 ab
933 1182 1154 1227 historica
1194 1181 1280 1226 hac
1316 1181 1526 1226 doctrina
1569 1181 1769 1226 alienum

178 1249 340 1308 paucis
368 1248 706 1297 demonstrare„
743 1248 920 1293 Bullam
948 1252 1093 1310 ipsam
1120 1250 1370 1294 Decretum
1399 1263 1506 1293 esse
1535 1248 1767 1293 comitiale

178 1340 245 1346 -—
270 1316 476 1374 legitIme
503 1315 676 1361 editum
701 1341 769 1347 -—
794 1316 992 1376 indeque
1021 1331 1044 1361 a
1073 1330 1156 1361 suo
1187 1318 1314 1361 initio
1343 1315 1562 1371 validum)
1583 1323 1632 1360 ut
1660 1315 1767 1370 tale.j

178 1385 224 1427 in
251 1382 367 1427 haec
392 1397 540 1443 usque
568 1389 773 1443 tempora
803 1390 1075 1428 constanter
1101 1386 1343 1443 viguisse3
1382 1386 1632 1442 gcnuiilum
1677 1385 1771 1427 ita-

182 1464 296 1509 que,
324 1464 378 1494 ac
415 1449 727 1495 authenticum
765 1450 887 1496 illius
930 1458 1104 1496 textum
1133 1450 1379 1496 bodledum
1406 1457 1612 1495 exstare.
1640 1449 1768 1495 Haec

182 1517 302 1561 enim
329 1523 493 1562 cuncta
521 1517 575 1562 ab
604 1517 887 1563 adversariis
915 1521 959 1563 in
987 1518 1169 1564 dubium
1196 1525 1440 1564 vocantur.

869 1617 915 1671 ξ.
955 1616 1079 1662 XIX.

635 1699 729 1744 Est
754 1702 1014 1746 Decretum
1046 1699 1319 1746 Comitiale.

314 1780 564 1826 Decretum
591 1778 832 1828 Comitiale
860 1797 1101 1843 germano,
1131 1789 1177 1828 et
1203 1785 1423 1828 continuo
1454 1779 1771 1827 Constitutio-

177 1849 248 1894 nis
275 1854 464 1892 nostrae
493 1862 635 1893 sensu
663 1857 763 1895 erat
790 1864 1005 1911 semper7
1045 1850 1169 1910 quod
1205 1850 1363 1909 Reges
1393 1849 1449 1895 ad
1473 1851 1768 1910 petitionem,

175 1916 609 1976 propositionemve
647 1916 1010 1975 Regnicolarum
1037 1919 1080 1961 in
1119 1916 1326 1963 Comitiis
1368 1923 1768 1975 congregatorum

178 1989 448 2029 sanxerunt.
490 1982 637 2027 Nemo
677 1986 817 2042 igitur
854 1984 976 2029 istud
1018 1984 1106 2028 tale
1146 1998 1240 2029 non
1282 1998 1420 2039 esse,
1462 1985 1550 2028 nisi
1595 1990 1772 2028 temere

176 2064 476 2111 propugnare
515 2057 700 2110 potest„
740 2053 1018 2111 praesertim
1067 2052 1105 2096 si
1134 2052 1349 2111 analogia
1392 2050 1773 2110 subsequentium

176 2118 506 2174 Decretorum,
543 2120 585 2161 in
622 2122 780 2178 specie
808 2118 1031 2164 Ludovici
1066 2117 1102 2163 Ii
1141 2126 1187 2164 et
1230 2118 1403 2164 Mariae
1440 2118 1525 2162 ΓΜ
1552 2118 1774 2163 Andrea-

178 2199 283 2230 num
313 2183 696 2241 confir111a11t1111n‚
734 2184 962 2245 hujusque
1003 2188 1147 2248 ipsius
1188 2193 1233 2230 et
1275 2186 1527 2242 Praefatio„
1569 2185 1773 2231 etC01i-

179 2252 326 2297 clusio
356 2251 510 2297 debite
537 2252 866 2313 perpendatur.
901 2253 1029 2299 Unde
1058 2253 1167 2299 illud
1194 2253 1485 2300 Verboczius
1513 2254 1650 2298 etiam
1677 2268 1772 2298 non

186 2319 448 2379 ambigebat
473 2319 724 2366 Decretum
752 2319 990 2381 adpellare
1035 2318 1094 2379 ¹¹).

886 2418 932 2473 ᾗ.
971 2418 1074 2463 ΧΧ.

667 2501 729 2546 Ut
751 2510 898 2546 tenor
923 2505 1029 2560 ipse
1057 2502 1280 2548 ostendit.

316 2598 490 2659 Regias
518 2596 734 2657 profecto
764 2597 1126 2657 declarationese
1163 2599 1322 2646 verbis
1350 2599 1652 2661 sequentibus
1679 2598 1772 2646 ibi-

217 2711 251 2749 ι)
277 2683 361 2752 Pa}
391 2713 418 2741 ι.
448 2715 487 2742 tt.
515 2712 546 2744 9.

217 2756 254 2797 b)
281 2758 320 2788 ln
345 2758 435 2789 Jure
464 2759 558 2798 publ.
584 2757 699 2797 Hung.
728 2758 765 2790 C.
792 2758 821 2788 3.
849 2757 875 2799 ᾗ.
901 2759 932 2791 5.
959 2762 1093 2799 etseq.

219 2806 250 2839 c)
278 2802 426 2846 llngarnss
454 2801 674 2845 Ξῐααῐὺτεῷῐ.
712 2807 742 2838 1.
768 2802 868 2845 zmil.
894 2803 924 2846 ἕ.
952 2805 1005 2838 10.
1033 2809 1070 2838 et
1094 2814 1169 2846 seq.

220 2848 254 2891 d)
279 2850 318 2883 P.
339 2852 370 2883 1.
398 2853 438 2883 tt.
463 2850 498 2883 9.
529 2848 558 2892 §.
577 2849 609 2883 6,
