1941 3143
243 77 342 125 208

248 191 364 236 fines
406 190 583 252 proprii
624 191 848 238 territorii
886 188 963 235 via
1004 189 1225 236 duntaxat
1258 188 1417 234 harum
1455 186 1838 237 Jurisdictionum

246 257 460 304 mandata
487 260 636 319 regia,
655 259 902 319 Regnique
920 255 1276 304 dicasteriorum
1304 256 1626 304 ordinationes
1653 259 1837 305 effectui

246 325 503 372 tradendae
531 329 650 382 sint;
688 340 841 387 neque
869 325 1003 371 alteri
1032 327 1301 387 exequenti‚
1331 326 1419 370 nisi
1447 338 1643 384 prorsus
1671 333 1838 372 extra-

245 393 467 440 ordinarii
506 400 703 439 eventus
743 393 834 439 hoc
861 393 1194 440 inevitabiliter
1232 392 1521 454 deposcant,
1561 394 1679 438 citra
1706 392 1838 440 Con-

246 461 498 508 stitutionis
536 461 843 507 violationem
897 461 1025 506 credi
1063 462 1333 515 valuerint3
1384 458 1490 504 Illae
1530 460 1740 506 vicissim
1779 461 1835 506 ad

245 529 429 588 legurm
481 535 526 573 et
565 528 781 574 altiorum
820 528 1172 575 Ordinati0num
1213 527 1559 573 observantiam
1585 562 1596 584 ‚
1645 543 1839 574 eorum-

249 596 444 656 demque
474 596 848 656 implementum,
887 610 1022 656 quam
1052 596 1407 656 diligentissime
1434 596 1838 653 manutenendum,

248 678 302 708 ac
337 663 714 725 procurandum,
755 671 948 710 eatenus
988 664 1289 725 responsioni
1331 660 1590 718 obnoxiae,
1629 664 1840 710 obstrin-

247 737 428 791 gantur.
458 729 591 776 Unde
620 731 676 776 ad
701 739 860 793 partes
885 731 1063 776 illarum
1090 729 1368 792 pertinebat.
1398 742 1491 773 non
1517 734 1692 777 tantum
1719 746 1839 776 con-

247 801 422 844 tinuum
463 796 741 844 Litterarum
797 801 1123 845 commercium
1179 813 1278 844 cum
1319 795 1641 855 superioribus
1686 799 1837 856 Regni

246 865 523 911 Dicasteriis
550 865 717 912 fovere
761 865 832 928 ¹²)·‚
870 881 1033 911 verum
1061 865 1338 927 quandoque
1367 861 1545 905 directe
1574 877 1599 906 a
1623 866 1839 924 Principe

248 933 460 979 mandata
498 936 743 994 recipere,
784 941 830 979 et
871 948 979 978 suas
1014 934 1109 990 Jam
1135 931 1295 977 Eidem
1334 926 1630 990 immediate,
1663 933 1758 990 jam
1786 929 1841 974 ad

247 1001 446 1061 Regium
474 999 728 1047 Consilium
753 1000 1011 1046 relationes
1037 1007 1296 1061 praestare.

950 1135 997 1190 §.
1038 1136 1147 1183 680.

760 1250 819 1296 In
855 1250 1118 1309 riyilcmtia
1155 1249 1328 1308 leqmn.

386 1363 595 1411 Alterius
635 1364 737 1421 vis,
778 1371 824 1410 et
863 1362 1070 1409 efficacia
1096 1365 1142 1408 in
1180 1361 1292 1408 Jure
1327 1359 1677 1408 remonstrandi
1715 1374 1838 1407 con-

251 1434 401 1490 sistit,
450 1436 588 1492 inque
630 1430 849 1477 facultate
885 1432 1156 1490 gravamina
1192 1429 1248 1474 ad
1274 1429 1427 1488 Regni
1455 1429 1726 1476 Conventus
1753 1429 1842 1474 de-

252 1499 464 1557 ferendi‚
505 1501 544 1546 si
584 1499 692 1558 quid
729 1502 775 1545 in
813 1499 1052 1545 altioribus
1093 1496 1474 1543 Ordinationibus
1503 1498 1839 1547 contineretur„

250 1568 435 1628 legibus
463 1572 539 1612 aut
565 1566 718 1627 Regni
744 1569 886 1613 totins
905 1601 917 1623 a
955 1567 1035 1612 vel
1060 1566 1256 1627 privatis
1285 1566 1380 1610 suis
1399 1599 1411 1621 a
1453 1579 1733 1625 suorumque
1759 1579 1843 1609 ra-

256 1635 460 1682 tionibus
486 1636 620 1693 juxta
656 1634 907 1679 earundem
935 1636 1202 1696 opinionem
1237 1631 1515 1679 adversum„
1556 1632 1686 1678 salva
1715 1646 1845 1677 sem-

249 1718 334 1765 per
360 1701 610 1762 homagiali
635 1703 945 1749 veneratione
964 1736 976 1757 2
1014 1700 1241 1746 mandatis
1278 1699 1476 1759 legitimi
1501 1698 1646 1759 Regis
1674 1698 1841 1744 debita.

252 1770 390 1817 Nulla
416 1772 556 1830 igitur
581 1772 764 1816 ratione
782 1804 794 1826 ,
835 1770 875 1815 5ἰ
900 1769 1125 1830 Princeps
1154 1768 1209 1813 ab
1235 1769 1292 1813 iis
1319 1782 1413 1813 non
1438 1766 1655 1824 recedat,
1696 1766 1844 1812 obse-

254 1840 407 1900 quium
447 1838 600 1897 Regni
636 1837 994 1883 Jurisdictiones
1034 1837 1270 1895 denegare
1316 1834 1517 1890 audent,
1563 1848 1658 1879 non
1697 1835 1846 1880 solum

252 1906 391 1961 ideo,
431 1905 649 1965 quoniam
687 1905 866 1963 Regiae
894 1904 1131 1961 Majestati
1168 1902 1360 1946 obedire
1399 1903 1703 1960 caeteroquin
1731 1900 1847 1946 sub-

255 1974 375 2019 ditus
404 1973 552 2016 omnis
582 1977 766 2016 tenetur
807 1971 989 2028 (426),
1028 1983 1192 2015 verum
1220 1970 1386 2021 etiam„
1427 1970 1532 2028 quia
1561 1968 1657 2025 jam
1682 1981 1767 2028 per
1794 1980 1845 2012 se

256 2042 368 2087 satis
397 2038 635 2084 conciliari
661 2051 755 2083 non
780 2043 968 2098 potest„
1009 2044 1145 2096 atque
1184 2035 1595 2080 contradictorium
1633 2038 1843 2096 apparet,

256 2115 304 2153 ut
329 2121 412 2168 per
440 2119 557 2166 quos
586 2119 831 2167 supremae
871 2106 1105 2149 rectoriae
1131 2104 1379 2163 potestatis
1421 2102 1758 2161 dispositiones
1786 2114 1848 2145 ex

255 2175 407 2234 Regni
435 2175 767 2218 constitutione
792 2173 982 2233 proprie
1010 2178 1183 2216 tantum
1210 2170 1394 2215 effectui
1423 2168 1599 2214 dandae
1627 2174 1749 2226 sunt,
1792 2168 1848 2212 iis

256 2242 554 2289 nihilominus
582 2239 653 2286 fas
681 2243 769 2297 sit„
809 2239 895 2286 sihi
936 2240 1183 2285 commissa
1211 2252 1294 2284 suo
1322 2251 1407 2298 pro
1444 2235 1622 2295 judicio
1641 2270 1655 2295 ,
1693 2243 1741 2282 et
1766 2249 1848 2280 ar-

258 2310 428 2357 bitratu
455 2307 649 2370 explere
666 2342 680 2366 ‚
716 2307 797 2356 vel
821 2321 1038 2354 renuere.

956 2460 1002 2516 ξ.
1043 2462 1153 2507 681.

262 2582 327 2629 Et
362 2580 679 2637 negotiorum,
707 2576 1026 2634 publicorum
1074 2572 1512 2619 administratione
1560 2562 1846 2614 consistunt.

399 2691 452 2738 In
476 2689 719 2750 vigilantia
757 2690 912 2750 itaque
932 2723 944 2747 ‚
984 2688 1265 2734 executione
1283 2719 1297 2743 ‚
1336 2689 1383 2729 ct
1419 2681 1709 2744 publicorum
1733 2679 1853 2727 varii

306 2831 339 2873 n)
366 2831 468 2864 eous.
494 2830 594 2865 1723.
622 2831 700 2864 112.
