1941 3143
1619 71 1722 121 215·

133 193 257 240 sedis
283 193 553 242 violationi„
592 190 851 253 poenisque
891 206 975 252 per
1011 192 1143 249 leges
1181 188 1443 249 complures
1486 189 1526 246 ὃ)
1557 187 1713 233 obno—

130 263 234 307 xius
263 260 523 306 declaratur
547 258 634 316 ’Ἧι
675 258 840 304 (fui-iae
859 292 870 314 ,
911 260 1011 304 sive
1053 257 1291 303 Praetoria
1320 253 1626 300 Comitatuum
1655 255 1709 301 ab

131 327 340 373 omnibus
382 326 599 373 oneribus
640 324 834 385 publicis
878 328 1090 370 immunia
1118 330 1255 378 sunt,
1293 321 1403 367 Jura
1444 329 1594 367 tamen
1623 338 1712 367 cu-

129 395 276 440 rialia.
308 409 424 454 quae
451 393 627 453 regalia
656 399 841 448 vocant,
864 407 1091 438 exercere
1118 394 1162 436 in
1189 390 1277 436 illis
1303 391 1497 435 vetitum
1526 395 1598 434 est
1640 388 1711 447 ι’);

130 462 263 507 habet
294 462 489 521 denique
516 459 738 506 vexillum
782 461 822 517 c)
851 460 1041 520 quilibet
1064 459 1318 505 Comitatus
1344 458 1599 518 proprium,
1627 457 1710 502 sub

129 544 219 590 quo
249 532 409 589 signo,
449 531 694 587 ingruente
724 541 832 573 casu
869 528 1258 581 insurrectioniS,
1294 524 1531 585 gremialis
1558 523 1712 570 Nobi-

128 598 232 643 litas
261 611 385 641 arma
413 594 637 657 capiebat.

183 692 233 746 θ’)
267 693 325 731 Ad
368 690 678 731 sanctimoniam
735 690 812 729 loci
857 703 901 730 co
951 690 1099 729 fortius
1142 689 1493 729 communiendam
1540 690 1714 729 Decreto

239 749 420 788 Mathiae
451 749 481 788 Ι.
503 748 546 800 d)
583 747 645 786 vel
668 748 827 799 ingredi
855 749 991 786 aedem
1024 747 1252 786 Comitatus
1270 745 1533 800 judiciariam
1557 753 1714 785 armato

239 819 319 845 non
353 806 490 853 licuit,
521 804 734 844 Articulus
777 810 909 843 autem
954 805 993 842 in
1036 804 1209 843 Decreto
1253 804 1384 854 primo
1426 802 1628 842 Uladislai
1662 803 1714 844 ll.

240 875 459 902 occurrens
480 862 548 914 Ε),
581 862 629 899 ad
664 862 842 911 priorem
876 861 1153 909 sanctionem,
1185 861 1353 898 totidem
1387 860 1523 898 verbis
1556 861 1714 910 repeti-

238 926 333 966 tam,
367 920 537 969 insuper
559 918 736 956 decernit
771 924 842 965 „ut
863 918 1140 969 ingredientes
1163 917 1345 963 Nobiles,
1377 922 1414 954 et
1436 916 1540 954 alios
1564 916 1713 969 cujus-

239 989 425 1027 „cunque
457 982 589 1013 status
632 974 816 1012 homines
861 975 908 1012 ad
952 975 1087 1013 sedem
1128 971 1390 1026 judiciariam
1433 971 1712 1026 cujuscunque

240 1032 498 1081 „Comitatus
546 1031 653 1069 intra
698 1031 892 1070 ambitum
936 1031 1088 1083 Regni,
1138 1030 1200 1069 vel
1243 1031 1290 1068 de
1333 1031 1469 1068 eadem
1515 1031 1617 1069 Sede
1661 1032 1710 1069 ad

239 1089 437 1139 „propria
481 1088 784 1139 regredientes,
826 1088 866 1126 in
900 1089 992 1139 ipsa
1025 1088 1151 1135 Sede,
1194 1094 1263 1126 aut
1304 1086 1344 1124 in
1379 1100 1518 1125 eorum
1553 1088 1712 1132 itinere,

240 1145 497 1196 „quicunque
521 1144 700 1193 turbare,
724 1145 955 1191 molestare,
981 1144 1211 1191 verberare,
1237 1143 1300 1182 vel
1330 1142 1554 1182 interficere
1581 1157 1708 1194 prae-

239 1203 505 1252 „sumserint‚
539 1207 634 1240 nota
657 1201 908 1242 infidelitatis
932 1201 1034 1241 alias
1058 1206 1252 1240 consveta
1274 1200 1614 1240 convincantur.“

808 1328 854 1382 ξ.
895 1329 1005 1375 693.

562 1426 734 1499 ,llzqm‘a
770 1428 1007 1484 Supremz'
1045 1428 1263 1472 Comitis.

261 1524 435 1585 Caput,
476 1530 522 1568 et
561 1523 832 1569 Moderator
866 1524 1195 1584 Magistratus,
1234 1525 1470 1584 totiusque
1508 1527 1710 1586 provin-

123 1593 222 1637 ciae
249 1592 501 1652 Supremus
530 1590 696 1637 Comes
750 1588 787 1649 s)
832 1594 1021 1651 negotia
1048 1591 1260 1652 publiea,
1300 1607 1439 1636 curae
1482 1607 1594 1637 suae
1623 1608 1712 1637 co—

122 1661 293 1715 missa,
332 1673 417 1720 pro
458 1672 649 1703 munere
691 1658 872 1718 quidem
910 1674 1026 1715 suo,
1066 1662 1197 1717 regia
1236 1666 1389 1704 tamen
1430 1662 1706 1705 auctoritate

123 1726 440 1782 adminiStrat,
483 1725 783 1785 ejusdemque
829 1725 1060 1781 officium,
1100 1726 1222 1784 quod
1260 1729 1500 1770 innumera
1538 1741 1709 1772 monu—

120 1801 272 1838 menta
300 1792 497 1853 probant
522 1791 576 1848 ‘'⁶'‘)
594 1825 605 1846 ,
645 1791 975 1837 Constitutioni
1004 1807 1227 1839 coaevam
1253 1796 1414 1852 regiae
1444 1793 1707 1840 collationis

122 1867 193 1905 est
237 1860 312 1916 gJ,
350 1862 394 1904 in
437 1858 560 1919 quod
598 1861 971 1920 neonominatum
1007 1867 1114 1922 post
1149 1868 1389 1921 acceptum
1432 1875 1456 1904 a
1496 1861 1709 1923 Principe

121 1925 335 1987 Diploma
360 1940 444 1986 per
471 1926 776 1984 Delegatum,
817 1929 919 1972 sive
959 1926 1336 1973 Commissarium
1375 1927 1588 1987 Regium,
1617 1932 1706 1975 nisi

121 1999 314 2039 eatenus
344 1992 630 2054 dispensatio
674 1996 986 2051 interveniat,
1026 1994 1284 2040 solenniter
1322 1995 1620 2040 introducere
1649 1997 1706 2042 ad

118 2063 487 2106 recentissimam
526 2062 793 2105 memoriam
835 2061 1171 2120 usuveniebat,
1211 2077 1401 2108 munere
1442 2077 1525 2109 suo
1567 2063 1704 2109 dein—

119 2142 230 2188 ceps
271 2124 409 2188 pleua
451 2142 550 2172 cum
591 2134 825 2188 potestate
863 2129 1200 2175 defuncturum.
1242 2131 1503 2175 Occasione
1541 2131 1703 2176 horum

118 2197 429 2256 auspiciorum
451 2196 779 2253 juramentum,
818 2197 939 2257 quod
968 2203 1102 2242 antea
1139 2200 1352 2258 Supremi
1383 2196 1586 2243 Comites
1616 2214 1705 2243 co-

117 2277 215 2307 ram
252 2261 400 2322 Regia
443 2262 690 2319 Majestate
736 2264 1060 2325 nuncupabant
1101 2263 1177 2323 ¹¹),
1227 2265 1400 2310 tardius
1454 2265 1706 2311 secundum

158 2383 190 2426 Ω)
217 2385 256 2416 Ρ.
283 2386 327 2418 ll.
366 2389 406 2417 tt.
446 2387 499 2419 69.
541 2385 640 2420 1435.
678 2390 709 2421 7.
745 2387 845 2421 1486.
884 2390 937 2421 58.
964 2387 1064 2422 1492.
1098 2390 1153 2423 67.
1181 2409 1220 2414 -
1249 2392 1350 2425 1635.
1378 2392 1433 2425 89.
1465 2390 1562 2425 1649.
1591 2392 1645 2426 94.
1673 2396 1708 2425 et

226 2432 439 2472 cumprimis
466 2434 568 2467 1723.
594 2436 646 2467 57.

154 2487 191 2528 l’)
218 2489 321 2522 1723.
350 2491 403 2523 73.
429 2489 458 2531 §.
486 2490 518 2523 4.

155 2543 189 2586 c)
216 2546 316 2578 1595.
343 2547 399 2578 17.
424 2566 469 2571 -
496 2546 596 2579 1741.
625 2546 680 2580 63.
706 2544 736 2587 §-
767 2547 820 2579 19.

159 2599 193 2642 d)
220 2601 321 2635 1486.
349 2604 406 2635 65.

154 2658 192 2701 e)
220 2658 318 2691 1492.
346 2660 402 2691 79.
428 2658 459 2699 ξ.
488 2659 519 2691 3.

151 2714 187 2754 f)
218 2717 318 2748 1723.
347 2717 401 2748 56.

155 2773 189 2807 8)
219 2773 317 2804 1553Δ
346 2772 399 2804 30.

155 2827 188 2871 h)
219 2831 294 2862 Art.
320 2837 403 2862 mox
429 2828 486 2862 cit.
