1941 3143
1589 61 1678 109 121

107 172 244 219 tionis
280 171 506 214 securitas
545 183 654 214 mox
694 169 885 229 amplius
925 168 1031 230 quid
1071 171 1242 230 exegit.
1284 169 1476 216 Constat
1512 173 1682 233 quippe

109 238 373 286 narratione
426 238 845 295 antiquissimorum
886 236 1384 298 Chronographorum.,
1432 240 1682 284 innumeris

108 303 426 366 diplomatibus
478 303 698 347 roborata
717 335 730 357 ,
779 302 835 346 ad
881 303 1159 348 evidentiam
1209 318 1382 364 usque:
1434 301 1680 362 Hungaros

108 386 189 434 per
214 369 378 416 Tribus
399 403 412 426 7
452 384 506 414 ac
534 370 903 425 Generationes‚
940 383 1053 429 quas
1080 370 1239 417 Simon
1267 371 1322 416 de
1349 371 1476 416 Keza
1503 377 1685 416 centum

110 445 155 486 et
179 443 284 483 octo
313 436 458 482 fnisse
497 436 690 481 adstruit
731 436 771 494 ⁰)
796 470 808 491 7
849 436 905 481 ad
931 436 1070 482 sedes
1104 451 1283 494 novas„
1320 438 1497 483 relictis
1523 438 1680 493 avitis3

111 503 378 564 deligendas
412 506 734 564 processisse,
775 502 879 548 dein
922 503 1173 549 secundum
1212 505 1348 565 paulo
1385 511 1520 550 antea
1548 517 1683 549 com-

109 573 345 617 memorati
384 572 505 631 pacti
548 569 870 615 Conditionem
909 570 1125 616 alteram:
1183 571 1274 630 „Ut
1312 570 1530 632 quidquid
1573 570 1684 616 boni

111 653 223 700 „per
246 637 432 683 labores
460 651 619 682 eorum
646 638 859 696 aquirere
886 644 1108 697 possent,
1146 653 1282 684 nemo
1324 653 1484 684 eorum
1511 651 1682 699 expers

111 705 274 762 „fieret
314 704 390 762 ¹0⁴⁶
418 710 573 765 partas
599 705 842 759 victoriis„
883 704 968 749 sihi
1006 720 1237 765 nunquam
1274 706 1560 761 Incruentis‚
1599 719 1684 749 re-

107 774 299 831 giones,
336 786 433 816 rem
460 773 591 831 quasi
615 772 848 831 propriam
876 772 1191 817 communibus
1226 772 1432 827 viribus„
1473 778 1518 816 et
1544 773 1685 816 sociis

110 841 246 884 armis
275 840 604 898 conquisitam,
642 841 762 882 inter
790 852 840 883 se
868 837 1085 884 divisisse
1111 837 1181 896 ‘'i‘).
1219 839 1458 899 Dispersis
1493 837 1580 882 hac
1603 852 1687 882 ra-

111 909 235 950 tione
273 920 355 965 per
390 912 573 949 vastum
609 905 724 949 adeo
752 905 964 963 Regnum
989 919 1078 950 nec
1117 909 1228 951 satis
1255 912 1399 950 tutum
1424 904 1686 960 videbatur7

112 986 295 1016 omnem
323 971 610 1016 devictorum
637 971 969 1017 multitudinem
995 973 1090 1028 uni,
1119 972 1360 1032 eidemque
1390 971 1550 1017 servili
1571 971 1686 1029 jugo

111 1038 340 1093 subdere„
402 1037 577 1082 adhaec
625 1044 694 1082 tot
727 1038 860 1083 bellis
888 1053 1172 1098 magnopere
1210 1042 1473 1084 imminutus
1499 1037 1689 1082 militum

110 1118 326 1147 numerus
354 1105 687 1163 supplementis
728 1104 909 1163 egebat.
949 1104 1093 1163 Igitur
1130 1104 1547 1166 praestantioribus
1574 1104 1690 1150 suh-

103 1171 253 1228 jugati
293 1169 451 1228 populi
488 1171 697 1228 reliquiis
739 1186 852 1229 erga
887 1178 1060 1217 certam
1087 1172 1324 1230 cujusdam
1361 1173 1574 1227 servitii,
1614 1177 1692 1216 aut

109 1236 403 1281 obventionis
443 1237 824 1294 praestationem„
851 1241 1014 1296 partim
1043 1239 1144 1284 solo
1174 1254 1332 1284 secum
1356 1237 1580 1284 militandi
1606 1238 1690 1283 sub

111 1316 255 1347 onere
283 1301 340 1346 ad
379 1316 584 1347 normam
624 1302 901 1362 Systematis
940 1302 1138 1349 feudalis
1156 1339 1168 1361 ⁷
1208 1313 1301 1350 tum
1326 1307 1373 1351 in
1398 1305 1585 1365 Europa
1608 1306 1690 1350 vi-

111 1371 297 1428 gentiS.,
335 1369 415 1414 vel
451 1383 559 1413 rura
599 1376 792 1429 paterna
831 1383 974 1429 porro
1010 1373 1350 1430 permiserunt„
1409 1372 1489 1418 vel
1513 1378 1691 1432 partem

111 1444 296 1491 terrae5
330 1437 425 1493 Jam
461 1439 506 1481 in
548 1450 676 1481 suam
711 1440 1045 1497 proprietatem
1081 1438 1330 1494 redactae,
1367 1438 1488 1483 ultro
1516 1452 1694 1498 perco-

111 1503 293 1548 lendam
319 1502 630 1559 tradiderunt,
659 1506 861 1549 caeteris
889 1506 1050 1550 stricte
1076 1506 1123 1550 in
1149 1507 1423 1552 servitutem
1450 1505 1693 1562 conjectis.

164 1584 213 1637 *)
248 1583 362 1629 Quos
403 1583 444 1622 in
487 1584 621 1635 specie
671 1583 886 1636 regionum
938 1589 1094 1624 tractus
1134 1586 1344 1637 primaeva
1374 1586 1449 1625 hac
1490 1586 1696 1625 divisione

222 1640 505 1690 unusquisque
547 1640 865 1691 Capitaneorum
919 1654 995 1692 pro
1039 1654 1114 1681 sua
1155 1643 1416 1693 generatione
1458 1643 1696 1689 obtinuerit,

223 1696 414 1735 laudatus
447 1697 587 1735 Simon
620 1698 667 1735 de
698 1697 810 1735 Ke'za
841 1698 1126 1737 nominetenus
1157 1699 1419 1749 recensete),
1451 1699 1648 1749 additque
1675 1711 1697 1737 e

224 1752 400 1804 vestigio
433 1753 562 1791 istos
596 1753 796 1803 quidem
831 1752 1159 1804 Capitaneos
1191 1754 1329 1801 loca,
1360 1756 1697 1794 descensum-

224 1822 338 1859 que,
373 1814 423 1846 ut
465 1809 721 1859 superius
766 1814 844 1847 est
884 1811 1107 1858 dictum,
1152 1810 1421 1849 similiter
1462 1817 1509 1849 et
1555 1811 1695 1849 alias

223 1864 615 1917 generationeS‚
660 1865 744 1903 ubi
776 1865 853 1904 eis
894 1865 1121 1916 placuit,
1170 1866 1430 1918 elegisse.
1470 1866 1579 1906 Hinc
1626 1867 1696 1907 diu

222 1926 423 1971 usurpata
447 1920 638 1971 apellatio
666 1922 888 1960 descensus
914 1920 1080 1972 (nativo
1101 1923 1300 1962 vocabulo
1324 1922 1486 1971 szalas)
1512 1924 1552 1962 in
1575 1936 1696 1962 usum

221 1983 388 2016 venerat
419 1988 489 2025 ee,
532 1978 636 2028 quod
680 1978 866 2029 singulae
907 1979 1065 2018 Tribus
1107 1979 1148 2017 in
1191 1979 1403 2031 assignata
1445 1979 1524 2018 sibi
1558 1979 1696 2032 plaga,

223 2039 424 2085 tamqnam
459 2046 535 2072 sua
564 2034 832 2086 proprietate,
863 2035 1050 2075 stabilem
1083 2035 1337 2076 mansionem
1369 2035 1620 2088 defuissent,
1650 2048 1696 2076 ac

225 2090 520 2131 consedissent.

804 2164 852 2219 ᾗ.
897 2165 1006 2211 155.

552 2246 707 2304 Orz'yo
752 2247 1264 2294 Conclicz'oncm'orum.

249 2325 423 2373 Classis
447 2325 696 2384 hominum,
735 2330 810 2388 qui
835 2343 987 2389 neque
1011 2331 1155 2386 servi7
1193 2344 1282 2376 nec
1303 2336 1456 2376 tamen
1482 2329 1694 2391 perfecte

113 2392 246 2438 liberi
276 2400 423 2449 erant7
461 2393 715 2451 Majoribus
751 2400 885 2439 antea
928 2398 1180 2455 incognita,
1218 2411 1389 2442 novum
1421 2403 1583 2458 suapte
1617 2399 1697 2443 in-

119 2459 245 2504 duxit
298 2460 559 2505 discrimen.
599 2460 770 2505 Milites
826 2463 945 2506 enim
993 2469 1142 2509 terras
1192 2463 1345 2524 Regni
1385 2478 1545 2510 omnes
1582 2478 1694 2519 uno,

118 2526 373 2585 eodemque
399 2527 502 2583 jure
535 2526 766 2582 obtentasa
795 2527 1104 2575 haereditario
1135 2531 1285 2586 simul„
1314 2546 1368 2576 ac
1388 2531 1536 2577 libero
1563 2530 1694 2576 titulo

118 2591 433 2651 possIdebant,
473 2594 663 2649 caeteri,
702 2594 810 2640 licet
836 2610 860 2640 a
888 2598 1114 2643 servitute
1142 2599 1330 2656 exemti,
1363 2597 1695 2645 usumfructum

157 2707 186 2734 ³)
216 2703 298 2743 Cap.
329 2705 369 2735 ΙΙ.

155 2749 188 2781 b)
218 2750 320 2781 Betae
349 2750 468 2780 Notar.
499 2749 581 2780 bist.
610 2751 640 2783 7.
668 2752 757 2784 Duc.
785 2753 822 2785 C.
849 2755 880 2785 7.

156 2799 189 2836 c)
215 2796 308 2827 Edit.
337 2795 490 2836 Horany.
517 2805 548 2837 p.
575 2797 630 2829 69.
