1941 3143
269 142 362 187 134

265 250 564 300 confirmatus
607 252 647 311 ⁴¹)
689 251 919 315 disponit,
958 251 1221 315 exindeque
1252 253 1569 300 Praelatorum
1597 255 1854 303 differentia

265 319 404 366 facile
432 322 719 381 intelligitur.
761 320 831 366 llli
858 333 1041 381 nempe,
1079 323 1154 381 qui
1182 323 1383 382 integro,
1412 323 1487 367 vel
1520 323 1656 383 plane
1685 323 1854 385 duplici

263 388 526 445 Banderio,
566 389 688 449 quod
731 388 787 434 de
829 388 1172 448 Strigoniensi,
1212 397 1257 435 et
1296 390 1519 449 Agriensi
1558 391 1854 437 Antistitibus

263 456 462 517 legimus
506 454 564 518 ¹³),
593 455 953 512 concurrebant,
991 459 1182 517 proprie
1223 460 1266 503 in
1291 457 1676 504 Banderiatorum
1712 473 1856 505 censu

263 525 451 570 fuerunt
478 524 754 585 computati:
794 523 864 569 his
906 524 1114 570 nonnulli
1139 550 1207 557 —-
1233 528 1320 571 etsi
1358 532 1482 571 tanto
1518 541 1708 572 numero
1736 541 1855 588 pro-

264 591 475 637 ducendo
518 593 719 653 impares
744 617 812 625 —-
849 606 910 638 ex
948 606 1005 638 eo
1034 601 1359 651 accesserant,
1398 594 1520 655 quod
1561 596 1719 656 copias
1746 608 1854 641 suas

263 659 321 706 ad
347 667 499 706 castra
526 662 717 722 proprio
746 660 903 706 itidem
930 659 1013 706 sub
1041 663 1176 721 signo
1204 677 1288 724 per
1316 662 1565 724 specialem
1589 677 1853 724 praeroga-

262 729 404 773 tivam
430 735 628 790 possent
655 727 880 790 expedire
898 762 910 785 ,
951 727 994 773 id
1029 728 1152 789 quod
1188 736 1354 790 postea
1394 731 1497 792 plus
1524 733 1629 778 vice
1657 731 1853 793 simplici

261 821 329 829 —-
353 802 403 842 ut
428 795 625 843 vidimus
656 797 807 861 (528)
835 822 901 829 -
926 796 1220 843 interdictum
1247 797 1345 843 suit.

961 933 1008 988 §.
1051 934 1162 978 547.

675 1030 896 1077 Portale‘s
932 1030 1146 1077 sllz'liliae
1181 1043 1428 1076 numerus.

396 1129 594 1174 Portalis
621 1128 809 1186 Militia,
849 1143 985 1190 quam
1024 1143 1046 1173 a
1076 1128 1330 1174 banderiali
1369 1130 1414 1174 in
1442 1143 1498 1175 eo
1542 1129 1641 1175 fere
1669 1130 1855 1174 discre-

258 1211 400 1259 passe
428 1196 658 1257 proditum
685 1203 783 1253 est,
824 1195 948 1257 quod
984 1211 1076 1242 non
1105 1196 1161 1241 ad
1198 1197 1486 1255 distinctum,
1530 1198 1613 1243 sed
1641 1196 1854 1244 Comita—

259 1272 331 1311 tus
371 1265 608 1310 Vexillum
647 1270 1046 1325 congregaretur,
1100 1279 1332 1325 agnomen
1373 1280 1503 1311 suum
1541 1281 1564 1310 a
1604 1280 1852 1312 mensurae

258 1333 618 1394 compellatione
656 1336 853 1395 accepit,
894 1332 1148 1378 secundum
1199 1347 1332 1394 quam
1373 1332 1604 1379 Nobilitas
1651 1335 1851 1395 equites,

257 1401 535 1463 peditesque
578 1400 634 1446 ad
677 1404 935 1447 exercitum
977 1400 1130 1460 Regni
1175 1401 1445 1461 generalem
1487 1408 1615 1448 certo
1657 1416 1850 1448 numero

261 1476 487 1525 statuere,
529 1470 752 1530 alereque
793 1467 1004 1514 debebat.
1047 1468 1159 1514 Cum
1194 1470 1314 1514 enim
1353 1470 1517 1516 clavim
1553 1469 1609 1515 ad
1646 1484 1853 1531 propor-

257 1539 433 1583 tionem
459 1536 545 1582 hac
572 1539 617 1582 in
656 1543 787 1598 parte
828 1535 1135 1582 definiendam
1174 1551 1268 1582 non
1296 1536 1351 1583 ab
1389 1540 1669 1584 extensione
1708 1541 1852 1583 terri-

256 1605 381 1661 torii,
409 1603 532 1666 quod
557 1604 691 1664 leges
719 1619 853 1665 quam
880 1604 1104 1665 plurimae
1131 1620 1219 1650 nec
1246 1605 1488 1666 ambiguae
1517 1605 1852 1662 demonstrant,

255 1688 417 1719 verum
446 1672 501 1717 ab
528 1672 893 1734 impopulatione
920 1672 1131 1718 locorum
1159 1673 1404 1719 desumere
1436 1680 1713 1720 consvetum
1740 1673 1852 1719 fue—

255 1744 339 1787 rit:
382 1740 544 1786 domus
570 1741 938 1802 uniuscujusque
967 1740 1169 1786 familiae
1197 1755 1281 1786 suo
1311 1741 1393 1787 sub
1423 1744 1591 1804 capite,
1630 1749 1677 1787 et
1702 1741 1849 1788 altore

255 1812 357 1855 sive
385 1807 723 1854 Patrefamilias
751 1810 1033 1855 constitutae
1073 1811 1120 1855 in
1148 1823 1338 1855 censum
1379 1809 1727 1865 assumebatur;
1766 1824 1848 1853 ra-

254 1879 383 1923 tione
410 1878 566 1938 itaque
595 1876 841 1923 domalium
866 1883 1105 1939 portarum
1130 1877 1326 1939 portalis
1353 1878 1543 1924 militiae
1570 1877 1845 1924 denomina-

258 1946 322 1991 tio
362 1946 592 2005 originem
630 1945 785 1990 traxit.

955 2076 1003 2133 §.
1044 2077 1155 2123 548.

577 2178 680 2225 Pro
718 2186 996 2236 temporum
1032 2180 1234 2223 ratione
1269 2177 1512 2223 variabat.

389 2276 501 2323 Utut
525 2289 643 2323 vero
673 2272 887 2332 Comitia,
927 2278 1112 2336 quoties
1152 2276 1313 2322 similis
1352 2276 1541 2322 militiae
1581 2277 1844 2322 necessitas

253 2345 518 2406 ingruebat,
546 2343 665 2389 hanc
691 2342 885 2388 eandem
912 2358 1191 2400 mensuram,
1221 2344 1276 2390 de
1304 2345 1434 2402 cujus
1462 2345 1668 2390 uberiori
1695 2345 1849 2404 signi-

254 2414 390 2458 ficatu
417 2412 525 2456 alibi
551 2423 602 2456 se
642 2410 930 2456 commodior
968 2412 1132 2457 offeret
1170 2411 1436 2458 disserendi
1464 2413 1684 2466 occasio,
1723 2425 1845 2472 pene

255 2486 526 2526 constanter
565 2479 866 2535 retinuerint,
914 2482 1302 2540 respicerentque
1341 2478 1398 2524 ad
1439 2493 1494 2524 ea
1535 2480 1843 2540 potissimum,

254 2561 372 2608 quae
400 2544 682 2605 Sigismundi
722 2552 874 2590 aetate
915 2548 961 2592 in
995 2562 1094 2592 rem
1132 2546 1265 2592 fuere
1307 2550 1513 2602 sancita,
1552 2545 1846 2591 nihilominus

252 2627 472 2660 numerus
500 2615 600 2673 ipse
629 2627 653 2657 a
681 2613 878 2672 singulis
905 2617 1054 2675 portis
1083 2614 1449 2671 statuendorum,
1481 2628 1569 2658 nec
1593 2627 1687 2658 non
1714 2627 1844 2658 sum—

254 2689 326 2727 tus
367 2679 422 2725 ad
472 2681 632 2740 copias
685 2679 874 2725 alendas
924 2696 1009 2742 pro
1061 2681 1375 2741 indigentiae,
1440 2687 1517 2726 aut
1566 2680 1844 2726 discriminis

292 2820 324 2856 a)
355 2818 456 2849 1518.
486 2820 515 2849 1.
542 2817 655 2850 ConV.
683 2815 786 2850 Bacs.
815 2817 915 2853 1546.
944 2819 996 2853 16.
1026 2818 1127 2854 1547.
1156 2821 1210 2855 35.
1238 2821 1340 2855 1555.
1375 2821 1406 2853 5.
1434 2820 1537 2854 Cous.
1565 2819 1671 2852 etiam
1697 2817 1754 2850 hia
1783 2826 1844 2849 an-

361 2864 517 2896 teriores
544 2864 644 2898 1492.
671 2866 726 2899 19.
751 2869 786 2899 et
811 2866 867 2899 20.

292 2917 329 2962 1’)
356 2918 456 2956 1498.
483 2921 540 2956 20.
