1941 3143
162 135 253 181 140

849 248 896 304 ὃ.
939 249 1048 295 556.

679 348 926 408 Reyularz'
952 354 1208 396 consvem't.

288 449 435 496 Nemo
476 447 583 494 mihi
623 448 839 506 objiciat,
879 462 1029 509 neque
1071 447 1190 494 bella
1219 450 1405 494 omnino
1450 447 1743 508 frequentis-

153 519 266 563 sima
294 519 426 577 geri,
459 529 617 576 neque
646 516 821 576 amplas
849 516 1123 561 Provincias
1152 515 1363 561 salutatis
1405 529 1617 576 semper,
1659 514 1742 559 In-

154 586 584 644 surrectionemque
623 582 982 629 decernentibus
1019 585 1212 644 praevie
1250 583 1482 639 ComitiiS,
1524 584 1743 644 occupari

149 655 393 715 potuisse3
434 653 605 697 scimus
634 654 754 697 enim
784 651 940 711 Reges
970 651 1251 712 amplissima
1283 658 1464 705 castra,
1504 652 1548 695 in
1575 649 1742 711 quibus

150 727 317 781 gentes
345 734 446 764 cum
475 721 572 765 suis
600 719 784 765 familiis
811 718 1064 774 vivebant,
1105 718 1316 780 aliosque
1355 719 1568 780 praecise
1596 719 1743 777 regiis

152 786 427 849 stipendiis,
474 786 554 832 vel
588 787 819 849 praediis,
859 786 1137 847 ruribusque
1178 788 1428 846 assignatis
1468 799 1553 846 per
1592 799 1746 842 omne,

154 871 242 916 qua
269 855 361 900 late
389 861 546 917 patet,
586 855 829 915 Regnum,
871 856 1008 915 inque
1039 853 1252 900 confiniis
1288 859 1479 915 praesto
1509 852 1745 909 habuisse,

152 924 230 984 qui
271 922 324 967 ab
365 924 465 981 ejus
509 922 734 968 illimitato
765 925 831 967 sic
869 921 1134 983 pendebant
1171 921 1387 966 arbitrio.
1427 926 1476 964 ut
1510 922 1747 965 exercitus

151 993 312 1052 regius
333 1024 344 1046 e
385 992 569 1052 quoties
599 991 660 1036 illi
694 991 969 1036 offensivum
1000 991 1136 1033 etiam
1162 988 1332 1033 bellum
1374 985 1629 1047 gerendum
1666 988 1747 1031 vi-

151 1059 367 1113 deretur,
408 1058 462 1103 ad
510 1058 631 1103 istud
667 1056 1044 1119 prosequendum
1088 1054 1334 1102 confestim
1377 1055 1616 1101 admoveri
1653 1068 1748 1116 po-

152 1128 304 1172 tuerH.

851 1263 898 1317 ᾗ.
940 1263 1051 1308 557.

464 1364 559 1409 Per
585 1362 924 1409 introductam
948 1360 1175 1407 stabilem
1201 1361 1439 1407 militiam.

294 1459 597 1521 Nequaquam
643 1475 761 1506 vero
801 1475 886 1521 per
927 1459 1133 1515 stabilis,
1182 1474 1236 1504 ac
1275 1458 1517 1519 regulatae
1557 1461 1746 1507 militiae

144 1527 541 1574 introductionem
584 1528 789 1574 desierat
829 1529 1014 1588 penitus
1054 1527 1257 1573 officium
1283 1542 1367 1588 pro
1406 1525 1552 1587 Regis
1581 1534 1625 1574 et
1652 1529 1747 1574 Pa-

145 1597 264 1641 triae
305 1594 584 1640 defensione
632 1595 980 1655 consurgendi,
1033 1596 1203 1656 jusque
1254 1610 1278 1639 a
1324 1594 1578 1641 Nobilitate
1618 1596 1747 1654 illud,

144 1664 330 1722 quoties
367 1662 552 1724 publica
595 1663 808 1725 deposcit
849 1664 1111 1719 securitas,
1151 1662 1457 1708 conformiter
1502 1663 1558 1709 ad
1594 1663 1746 1724 leges,

143 1728 234 1775 hoc
271 1732 317 1775 in
358 1735 523 1776 merito
562 1732 942 1792 praeexistentes
967 1764 980 1787 e
1033 1730 1283 1790 exigendi,
1332 1730 1488 1790 Regi,
1524 1738 1573 1777 ut
1611 1737 1745 1777 antea

144 1796 329 1855 fuerat,
370 1797 593 1859 deinceps
622 1798 847 1844 inviolate
874 1801 1164 1860 permansit3
1207 1798 1330 1858 quod
1356 1813 1522 1860 nempe
1550 1801 1594 1846 8.
1625 1801 1743 1845 arti-

146 1865 276 1911 culus
304 1865 429 1911 Anni
461 1868 603 1912 1715.
634 1868 877 1928 expressis
906 1865 1097 1912 totidem
1123 1865 1284 1912 verbis
1310 1864 1363 1923 ‘²‘)
1391 1872 1627 1911 reservat.

201 1962 251 2014 *)
285 1961 657 2013 „Quandoquidem
686 1962 871 2009 Nobiles,
906 1967 945 2000 et
976 1973 1116 1999 omnes
1150 1960 1227 2009 illi,
1262 1973 1363 2010 quos
1396 1962 1472 2000 sub
1499 1961 1741 2001 nomencla-

261 2019 401 2066 „tione
433 2018 507 2057 hac
541 2016 850 2069 (cujuscunque
891 2018 975 2055 sint
1014 2016 1208 2063 honoris,
1256 2017 1496 2068 dignitatis,
1541 2024 1579 2057 et
1611 2024 1743 2058 status

261 2075 517 2127 „pei-sonae)
551 2075 592 2113 in
615 2073 795 2126 Ungaria
827 2074 889 2113 lex
912 2072 1210 2124 complectitur,
1249 2086 1323 2124 pro
1348 2074 1479 2126 Regni
1503 2075 1744 2114 defensione

264 2130 493 2179 ‚‚militare,
538 2132 770 2181 adeoque
818 2129 1197 2182 personaliter
1236 2130 1555 2182 insurgere,
1588 2144 1744 2183 suaque

262 2188 521 2239 „respective
563 2188 763 2226 Banderia
796 2188 1047 2239 producere,
1095 2199 1139 2225 ac
1170 2194 1383 2238 praestare
1416 2193 1653 2227 teneantur:
1686 2189 1742 2227 Id

264 2257 449 2293 ‚sacra
483 2244 755 2284 Caesareo
798 2245 964 2295 Regia
1007 2242 1275 2296 Majestas
1310 2244 1526 2295 quoties
1560 2257 1744 2284 neces—

265 2314 405 2352 „sum
439 2315 559 2340 esse
590 2300 958 2354 judicaverit,
1001 2301 1058 2339 ad
1093 2300 1530 2340 conformitatem
1564 2301 1745 2341 hacte-

264 2371 392 2406 „nus
441 2359 778 2397 sancitarum
838 2357 1135 2408 superinde
1185 2357 1380 2410 legum,
1427 2371 1450 2396 a
1496 2359 1644 2397 modo
1691 2358 1743 2397 in

262 2421 554 2466 „posterum
589 2427 784 2465 quoque
817 2414 1151 2462 desiderare,
1184 2420 1230 2453 et
1262 2414 1472 2466 exigere
1504 2414 1743 2466 poterit.“

844 2539 891 2594 ξ.
934 2541 1042 2586 558.

604 2639 754 2684 Prior
780 2637 1078 2697 insumendi
1098 2638 1287 2685 modus.

284 2734 543 2782 Videndum
585 2749 729 2795 ergo,
769 2750 888 2797 quae
931 2739 1116 2797 species
1157 2735 1538 2793 Insurrectionis,
1582 2743 1628 2783 et
1653 2751 1742 2798 qua

151 2804 220 2849 sui
259 2810 391 2864 parte
433 2802 674 2859 omnibus,
716 2818 770 2848 ac
807 2803 1032 2863 singulis,
1071 2817 1188 2864 quos
1230 2804 1308 2850 lex
1350 2803 1617 2851 Nobilitatis
1646 2818 1739 2850 no-

149 2872 271 2916 mine
297 2870 371 2917 hic
397 2870 641 2932 designat,
665 2877 776 2932 post
802 2871 1044 2917 articulum
1070 2870 1321 2917 indicatum
1347 2872 1628 2933 praestanda
1653 2884 1738 2917 su-
