1941 3143
212 117 274 170 46

211 238 273 283 A⁰
319 237 461 284 1792.
506 237 547 293 ⁸)
591 236 760 283 Graeci
786 236 919 283 Ritus
960 253 1051 284 non
1078 238 1192 285 uniti
1227 237 1484 301 Ep1scopi7
1525 241 1601 300 qui
1639 253 1800 285 omnes

211 305 402 350 immixti
429 306 600 361 nativis
629 304 923 361 Magnatibus
951 309 1123 352 circum
1149 321 1355 353 mensam
1392 307 1611 354 subsellia
1651 321 1800 353 occu-

209 381 345 434 pant„
384 374 505 428 ista‚
543 372 654 417 iicet
681 386 901 430 mensam
942 374 1175 435 sedesque
1210 375 1418 421 nonnihil
1458 377 1619 421 aliter.
1660 383 1797 436 atque

207 443 336 502 prius
363 442 545 500 positae
573 438 773 484 suerint.
814 447 1048 502 utcunque
1085 445 1221 488 etiam
1260 443 1483 489 hactenus
1512 442 1794 488 obtinebant.

209 507 502 554 Consiliariis
529 506 760 551 nobilibus
778 541 789 562 ‚
831 509 995 568 quibus
1031 511 1110 556 lex
1137 510 1344 556 ordinem
1371 513 1600 557 sessionis
1627 512 1671 555 in
1699 511 1797 555 Ta-

207 576 311 621 bula
340 575 591 619 Procerum
625 574 916 633 designavit.
953 576 1087 624 brevi
1114 586 1221 639 post
1262 578 1515 625 Consilium
1545 579 1797 624 Locumte-

207 642 412 688 nentiaie
452 641 648 701 Regium
692 645 949 701 successit?
1006 645 1130 705 quod
1167 646 1381 706 quamdiu
1420 649 1650 707 perstitit,
1702 660 1799 691 non

207 712 523 756 intermiserat
551 711 717 770 quavis
744 712 992 769 ingruente
1019 712 1183 758 Diaeta
1201 748 1212 770 ᾖ
1251 716 1627 775 praerogativam
1666 717 1798 759 istam

206 793 267 824 ex
293 777 510 837 analogia
536 783 750 822 veterum
777 778 959 824 illorum
987 779 1399 827 Consiliariorum.
1428 783 1524 826 suis
1551 796 1636 843 pro
1666 795 1799 826 com-

203 845 419 892 membris
448 860 472 889 a
499 843 648 904 Regia
676 844 924 902 Majestate
944 848 1051 905 jure
1079 850 1211 908 quasi
1252 849 1525 909 postliminii
1552 856 1794 910 expetere.

901 982 947 1036 §.
991 983 1101 1030 396.

557 1065 651 1119 Qaz·
676 1064 895 1110 Tabulae
918 1066 1149 1110 Statuam
1175 1067 1407 1110 intersint
1424 1068 1445 1110 ἓ

336 1161 529 1217 Altera,
569 1174 688 1222 quae
729 1160 976 1222 aliquando
1006 1161 1215 1208 Statuum
1240 1160 1424 1218 fuerat5
1465 1168 1511 1206 et
1545 1174 1666 1206 nunc
1693 1159 1795 1206 Re-

199 1229 598 1291 praesentantium
648 1227 823 1274 Tabula
865 1228 1013 1286 audit,
1064 1230 1206 1289 longe
1247 1230 1383 1275 aliam
1420 1228 1588 1273 faciem
1633 1228 1793 1274 induit.

198 1297 367 1344 ibidem
416 1295 752 1342 antecedenter
790 1296 926 1354 loco,
964 1296 1109 1343 tribus
1150 1296 1369 1357 gradibus
1422 1295 1546 1340 edito
1569 1330 1581 1352 ,
1629 1302 1676 1341 et
1711 1311 1796 1357 per

202 1364 452 1412 Cancellos
480 1371 698 1425 separato
724 1399 736 1421 3
778 1371 916 1425 caput
952 1378 1143 1409 mensae
1170 1363 1437 1410 Praesidem
1465 1363 1647 1408 illorum
1672 1362 1795 1408 Per-

200 1434 411 1480 sonalem
438 1430 741 1478 Praesentiae
768 1431 949 1491 Regiae
987 1433 1034 1478 in
1059 1431 1252 1476 Judiciis
1279 1431 1692 1476 Locumtenentem
1719 1430 1794 1476 la-

200 1508 302 1547 tera
341 1500 558 1559 utrinque
609 1498 1050 1555 Victa-Palatinum,
1113 1506 1159 1544 et
1199 1498 1562 1544 Vice—Judicem
1605 1497 1789 1555 Curiae,

200 1569 454 1629 Magistros
481 1566 840 1613 ProtonotarIOS
868 1566 1021 1626 Regni
1047 1565 1313 1626 Hungariae
1341 1573 1556 1626 quatuor,
1584 1574 1630 1612 et
1655 1580 1792 1611 unum

203 1636 452 1691 Croatiae7
488 1641 736 1695 praeterea
779 1634 982 1680 Tabulae
1017 1634 1196 1693 Regiae
1236 1635 1528 1680 Asscssores
1571 1632 1615 1692 l’)
1645 1647 1791 1679 occu-

198 1718 339 1765 passe
368 1704 701 1762 conspeximus
721 1737 733 1757 „
766 1716 820 1746 ac
846 1702 1046 1762 denique
1072 1701 1208 1747 binos
1234 1701 1495 1761 Ablcgatos
1521 1700 1792 1761 Regnorum

201 1771 448 1827 Croafiae„
486 1768 777 1825 Dalmatiae„
818 1776 865 1814 et
902 1770 1184 1815 Sclavoniae
1228 1769 1267 1826 ⁶]
1310 1783 1335 1813 e
1363 1768 1575 1828 generali
1612 1782 1790 1814 eorun-

200 1840 303 1886 dem
330 1837 711 1898 Congregatione
742 1838 1006 1892 exmissos3
1046 1850 1181 1897 quein
1216 1850 1486 1891 numerum,
1523 1835 1648 1880 nulla
1682 1835 1789 1892 lege

200 1906 462 1961 definitum,
501 1904 664 1950 Partes
693 1903 904 1949 adnexae
932 1919 992 1948 ex
1029 1917 1116 1947 usu
1144 1903 1455 1949 observarunt
1479 1903 1788 1948 vetustiorum

198 1981 475 2034 temporum.
516 1970 843 2027 Sclavoniam,
883 1984 1017 2030 quam
1060 1971 1282 2014 strictiori
1324 1971 1509 2013 nomine
1557 1968 1788 2014 Croatiam

197 2040 336 2087 modo
378 2051 602 2085 vocamus
639 2036 722 2095 (9)
747 2071 759 2092 7
800 2051 886 2081 sex
926 2037 1063 2082 etiam
1103 2034 1312 2080 Nuncios
1360 2034 1604 2095 aliquando
1652 2034 1788 2080 dele-

199 2122 372 2168 gasse,
411 2112 572 2152 notum
600 2110 672 2148 est
715 2101 773 2161 ¹¹).
816 2104 987 2148 Verum
1027 2102 1339 2158 Sclavoniae2
1378 2117 1496 2162 quae
1529 2102 1625 2159 jam
1650 2102 1788 2148 modo

199 2175 302 2222 sola
329 2174 418 2220 hoc
455 2185 626 2218 nomen
666 2170 883 2216 distincte
910 2171 1128 2227 retinuit‚
1170 2170 1425 2215 Comitatus
1467 2176 1562 2214 tres
1590 2183 1790 2230 separa·—

197 2250 271 2289 tos
316 2244 509 2303 insuper
550 2238 715 2284 eodem
758 2253 859 2283 cum
910 2239 1112 2284 caeteris
1165 2236 1431 2297 Hungariae
1486 2234 1788 2282 Comitatibus

197 2324 358 2367 more5
398 2315 446 2355 et
482 2320 674 2353 numero
714 2304 771 2350 ad
796 2305 948 2365 Regni
975 2306 1187 2352 Diaetam
1221 2305 1428 2351 Nuncios
1456 2303 1785 2365 expediebant.

889 2415 935 2470 δ.
979 2415 1089 2462 397.

514 2500 578 2546 Et
604 2512 701 2558 qem
731 2498 908 2544 ordine
934 2507 1083 2543 antea
1109 2499 1426 2557 interfecerint
1441 2499 1463 2540 ?

333 2595 522 2643 Mensas
563 2601 696 2642 extra
736 2595 982 2643 Cancellos
1022 2594 1192 2657 triplici
1231 2595 1356 2641 serie
1397 2575 1788 2640 collocatas-ss-si

237 2711 271 2754 ἃ)
297 2712 423 2753 Ejusd.
450 2710 529 2743 anni
555 2715 620 2744 art.
643 2712 698 2744 10.

235 2769 273 2811 b)
298 2770 378 2803 vm.
405 2769 506 2802 1608.
534 2769 563 2800 1.
590 2777 623 2809 p.
650 2777 679 2800 c.
707 2765 809 2800 1647.
835 2764 912 2800 102.
942 2769 977 2799 et
1008 2766 1106 2799 1662.
1135 2766 1187 2799 52.

239 2828 272 2868 ο)
296 2828 359 2860 Sic
383 2835 448 2859 eos
471 2825 662 2867 compellat
690 2826 790 2858 1723.
817 2826 851 2858 7.

236 2882 273 2927 ἃ)
297 2882 510 2918 xovachich
529 2881 565 2916 in
585 2881 690 2916 vest.
716 2881 846 2915 comit.
871 2880 1035 2913 Decreta
1063 2879 1107 2914 de
1130 2880 1233 2914 Anno
1257 2872 1359 2912 1447.
1381 2884 1413 2918 p.
1437 2874 1518 2910 265.
1538 2877 1576 2908 et
1593 2880 1670 2914 aeq.
