<?xml version="1.0" encoding="UTF-8"?>
<!DOCTYPE html PUBLIC "-//W3C//DTD XHTML 1.0 Transitional//EN"
    "http://www.w3.org/TR/xhtml1/DTD/xhtml1-transitional.dtd">
<html xmlns="http://www.w3.org/1999/xhtml" xml:lang="en" lang="en">
 <head>
  <title>
</title>
<meta http-equiv="Content-Type" content="text/html;charset=utf-8" />
  <meta name='ocr-system' content='tesseract 3.04.00' />
  <meta name='ocr-capabilities' content='ocr_page ocr_carea ocr_par ocr_line ocrx_word'/>
</head>
<body>
  <div class='ocr_page' id='page_1' title='image "./conspectusjurisp00czir_0082.png"; bbox 0 0 1941 3143; ppageno 0'>
   <div class='ocr_carea' id='block_1_1' title="bbox 195 86 261 133">
    <p class='ocr_par' dir='ltr' id='par_1_1' title="bbox 195 86 261 133">
     <span class='ocr_line' id='line_1_1' title="bbox 195 86 261 133; baseline 0.015 -1"><span class='ocrx_word' id='word_1_1' title='bbox 195 86 261 133; x_wconf 67' lang='lat'>3‘2‘</span> 
     </span>
    </p>
   </div>
   <div class='ocr_carea' id='block_1_2' title="bbox 189 195 1792 1841">
    <p class='ocr_par' dir='ltr' id='par_1_2' title="bbox 189 195 1790 1538">
     <span class='ocr_line' id='line_1_2' title="bbox 193 195 1783 263; baseline 0.003 -20"><span class='ocrx_word' id='word_1_2' title='bbox 193 199 362 244; x_wconf 89' lang='lat' dir='ltr'>matiae</span> <span class='ocrx_word' id='word_1_3' title='bbox 401 195 559 244; x_wconf 89' lang='lat' dir='ltr'>titulos</span> <span class='ocrx_word' id='word_1_4' title='bbox 599 198 832 254; x_wconf 72' lang='lat' dir='ltr'>assumsit,</span> <span class='ocrx_word' id='word_1_5' title='bbox 885 212 937 242; x_wconf 86' lang='lat' dir='ltr'>ac</span> <span class='ocrx_word' id='word_1_6' title='bbox 979 198 1202 243; x_wconf 88' lang='lat' dir='ltr'>Dominus</span> <span class='ocrx_word' id='word_1_7' title='bbox 1249 197 1489 256; x_wconf 83' lang='lat' dir='ltr'>ejusdem,</span> <span class='ocrx_word' id='word_1_8' title='bbox 1538 205 1783 263; x_wconf 85' lang='lat' dir='ltr'>postquam</span> 
     </span>
     <span class='ocr_line' id='line_1_3' title="bbox 194 263 1783 327; baseline 0.002 -15"><span class='ocrx_word' id='word_1_9' title='bbox 194 266 345 312; x_wconf 82' lang='lat' dir='ltr'><strong>Urbes</strong></span> <span class='ocrx_word' id='word_1_10' title='bbox 383 265 649 327; x_wconf 84' lang='lat' dir='ltr'>Spalatum,</span> <span class='ocrx_word' id='word_1_11' title='bbox 689 266 981 324; x_wconf 73' lang='lat' dir='ltr'>Tragurium,</span> <span class='ocrx_word' id='word_1_12' title='bbox 1021 272 1066 310; x_wconf 76' lang='lat' dir='ltr'>ct</span> <span class='ocrx_word' id='word_1_13' title='bbox 1108 263 1310 323; x_wconf 76' lang='lat' dir='ltr'>Jadram,</span> <span class='ocrx_word' id='word_1_14' title='bbox 1349 282 1437 312; x_wconf 90' lang='lat' dir='ltr'>nec</span> <span class='ocrx_word' id='word_1_15' title='bbox 1475 281 1568 313; x_wconf 90' lang='lat' dir='ltr'>non</span> <span class='ocrx_word' id='word_1_16' title='bbox 1593 267 1783 315; x_wconf 89' lang='lat' dir='ltr'>Sibeni—</span> 
     </span>
     <span class='ocr_line' id='line_1_4' title="bbox 196 332 1782 395; baseline 0.001 -15"><span class='ocrx_word' id='word_1_17' title='bbox 196 349 296 380; x_wconf 89' lang='lat' dir='ltr'>cum</span> <span class='ocrx_word' id='word_1_18' title='bbox 335 334 577 394; x_wconf 75' lang='lat' dir='ltr'>Vegliam.</span> <span class='ocrx_word' id='word_1_19' title='bbox 618 332 836 392; x_wconf 79' lang='lat' dir='ltr'>Segniam</span> <span class='ocrx_word' id='word_1_20' title='bbox 889 335 931 377; x_wconf 93' lang='lat' dir='ltr'>in</span> <span class='ocrx_word' id='word_1_21' title='bbox 984 347 1112 377; x_wconf 84' lang='lat' dir='ltr'>suam</span> <span class='ocrx_word' id='word_1_22' title='bbox 1161 333 1445 380; x_wconf 75' lang='lat' dir='ltr'>traduxisset</span> <span class='ocrx_word' id='word_1_23' title='bbox 1481 342 1782 395; x_wconf 84' lang='lat' dir='ltr'>potestatem.</span> 
     </span>
     <span class='ocr_line' id='line_1_5' title="bbox 193 400 1785 462; baseline 0.001 -15"><span class='ocrx_word' id='word_1_24' title='bbox 193 415 362 462; x_wconf 81' lang='lat' dir='ltr'>reapse</span> <span class='ocrx_word' id='word_1_25' title='bbox 402 402 582 453; x_wconf 79' lang='lat' dir='ltr'>evasit3</span> <span class='ocrx_word' id='word_1_26' title='bbox 621 406 669 444; x_wconf 86' lang='lat' dir='ltr'>ut</span> <span class='ocrx_word' id='word_1_27' title='bbox 709 400 843 445; x_wconf 91' lang='lat' dir='ltr'>nobis</span> <span class='ocrx_word' id='word_1_28' title='bbox 886 400 1053 445; x_wconf 89' lang='lat' dir='ltr'>Lucius</span> <span class='ocrx_word' id='word_1_29' title='bbox 1096 400 1166 457; x_wconf 73' lang='lat'>⁸),</span> <span class='ocrx_word' id='word_1_30' title='bbox 1204 400 1482 446; x_wconf 77' lang='lat' dir='ltr'>Albinonius</span> <span class='ocrx_word' id='word_1_31' title='bbox 1525 401 1601 458; x_wconf 77' lang='lat'>¹³),</span> <span class='ocrx_word' id='word_1_32' title='bbox 1652 404 1785 449; x_wconf 87' lang='lat' dir='ltr'>Dan-</span> 
     </span>
     <span class='ocr_line' id='line_1_6' title="bbox 196 466 1785 529; baseline 0.001 -15"><span class='ocrx_word' id='word_1_33' title='bbox 196 469 326 514; x_wconf 89' lang='lat' dir='ltr'>dulus</span> <span class='ocrx_word' id='word_1_34' title='bbox 348 483 433 529; x_wconf 91' lang='lat' dir='ltr'>pro</span> <span class='ocrx_word' id='word_1_35' title='bbox 462 466 657 513; x_wconf 89' lang='lat' dir='ltr'>testibus</span> <span class='ocrx_word' id='word_1_36' title='bbox 686 474 805 512; x_wconf 91' lang='lat' dir='ltr'>sunt.</span> <span class='ocrx_word' id='word_1_37' title='bbox 842 467 970 512; x_wconf 82' lang='lat' dir='ltr'>Licet</span> <span class='ocrx_word' id='word_1_38' title='bbox 996 481 1113 512; x_wconf 89' lang='lat' dir='ltr'>vero</span> <span class='ocrx_word' id='word_1_39' title='bbox 1154 470 1248 513; x_wconf 88' lang='lat' dir='ltr'>suis</span> <span class='ocrx_word' id='word_1_40' title='bbox 1290 469 1496 529; x_wconf 82' lang='lat' dir='ltr'>partibus</span> <span class='ocrx_word' id='word_1_41' title='bbox 1523 484 1615 515; x_wconf 89' lang='lat' dir='ltr'>non</span> <span class='ocrx_word' id='word_1_42' title='bbox 1645 470 1785 515; x_wconf 91' lang='lat' dir='ltr'>desu-</span> 
     </span>
     <span class='ocr_line' id='line_1_7' title="bbox 195 534 1786 596; baseline 0.001 -15"><span class='ocrx_word' id='word_1_43' title='bbox 195 539 315 582; x_wconf 89' lang='lat' dir='ltr'>erint</span> <span class='ocrx_word' id='word_1_44' title='bbox 342 547 650 580; x_wconf 83' lang='lat' dir='ltr'>successores</span> <span class='ocrx_word' id='word_1_45' title='bbox 678 534 836 594; x_wconf 82' lang='lat' dir='ltr'>Reges</span> <span class='ocrx_word' id='word_1_46' title='bbox 864 537 907 580; x_wconf 95' lang='lat' dir='ltr'>in</span> <span class='ocrx_word' id='word_1_47' title='bbox 933 535 1193 581; x_wconf 76' lang='lat' dir='ltr'>retinenda.</span> <span class='ocrx_word' id='word_1_48' title='bbox 1220 536 1591 596; x_wconf 83' lang='lat' dir='ltr'>vindicandaque</span> <span class='ocrx_word' id='word_1_49' title='bbox 1618 537 1786 595; x_wconf 86' lang='lat' dir='ltr'>hujus-</span> 
     </span>
     <span class='ocr_line' id='line_1_8' title="bbox 196 602 1787 664; baseline 0.001 -15"><span class='ocrx_word' id='word_1_50' title='bbox 196 618 250 649; x_wconf 90' lang='lat' dir='ltr'>ce</span> <span class='ocrx_word' id='word_1_51' title='bbox 268 602 547 649; x_wconf 84' lang='lat' dir='ltr'>Provinciae</span> <span class='ocrx_word' id='word_1_52' title='bbox 574 605 901 662; x_wconf 69' lang='lat' dir='ltr'>possessione,</span> <span class='ocrx_word' id='word_1_53' title='bbox 925 605 1112 664; x_wconf 89' lang='lat' dir='ltr'>saepius</span> <span class='ocrx_word' id='word_1_54' title='bbox 1142 609 1292 648; x_wconf 90' lang='lat' dir='ltr'>tamen</span> <span class='ocrx_word' id='word_1_55' title='bbox 1321 604 1442 650; x_wconf 91' lang='lat' dir='ltr'>illius</span> <span class='ocrx_word' id='word_1_56' title='bbox 1466 604 1559 661; x_wconf 91' lang='lat' dir='ltr'>jam</span> <span class='ocrx_word' id='word_1_57' title='bbox 1584 606 1787 664; x_wconf 83' lang='lat' dir='ltr'>penitus,</span> 
     </span>
     <span class='ocr_line' id='line_1_9' title="bbox 189 670 1790 731; baseline 0.001 -16"><span class='ocrx_word' id='word_1_58' title='bbox 189 671 285 728; x_wconf 86' lang='lat' dir='ltr'>jam</span> <span class='ocrx_word' id='word_1_59' title='bbox 322 685 488 730; x_wconf 86' lang='lat' dir='ltr'>magna</span> <span class='ocrx_word' id='word_1_60' title='bbox 527 671 571 715; x_wconf 89' lang='lat' dir='ltr'>in</span> <span class='ocrx_word' id='word_1_61' title='bbox 609 676 741 730; x_wconf 87' lang='lat' dir='ltr'>parte</span> <span class='ocrx_word' id='word_1_62' title='bbox 781 670 1059 716; x_wconf 88' lang='lat' dir='ltr'>amittendae</span> <span class='ocrx_word' id='word_1_63' title='bbox 1105 670 1353 717; x_wconf 88' lang='lat' dir='ltr'>discrimen</span> <span class='ocrx_word' id='word_1_64' title='bbox 1406 697 1472 703; x_wconf 87' lang='lat'>—</span> <span class='ocrx_word' id='word_1_65' title='bbox 1512 673 1790 731; x_wconf 87' lang='lat' dir='ltr'>praesertim</span> 
     </span>
     <span class='ocr_line' id='line_1_10' title="bbox 199 736 1789 799; baseline -0.001 -14"><span class='ocrx_word' id='word_1_66' title='bbox 199 738 282 785; x_wconf 88' lang='lat' dir='ltr'>sub</span> <span class='ocrx_word' id='word_1_67' title='bbox 333 736 570 799; x_wconf 88' lang='lat' dir='ltr'>Stephano</span> <span class='ocrx_word' id='word_1_68' title='bbox 622 736 678 780; x_wconf 92' lang='grc' dir='ltr'>ΙΙ.</span> <span class='ocrx_word' id='word_1_69' title='bbox 742 745 788 782; x_wconf 90' lang='lat' dir='ltr'>et</span> <span class='ocrx_word' id='word_1_70' title='bbox 839 737 1029 783; x_wconf 89' lang='lat' dir='ltr'>Andrea</span> <span class='ocrx_word' id='word_1_71' title='bbox 1095 737 1173 782; x_wconf 90' lang='lat' dir='ltr'>III.</span> <span class='ocrx_word' id='word_1_72' title='bbox 1235 765 1303 771; x_wconf 92' lang='grc'>-</span> <span class='ocrx_word' id='word_1_73' title='bbox 1356 738 1610 784; x_wconf 89' lang='lat' dir='ltr'>subier.unt</span> <span class='ocrx_word' id='word_1_74' title='bbox 1675 737 1789 783; x_wconf 82' lang='lat' dir='ltr'>Nam</span> 
     </span>
     <span class='ocr_line' id='line_1_11' title="bbox 197 803 1788 866; baseline -0.001 -15"><span class='ocrx_word' id='word_1_75' title='bbox 197 806 384 862; x_wconf 86' lang='lat' dir='ltr'>Graeci,</span> <span class='ocrx_word' id='word_1_76' title='bbox 403 808 479 866; x_wconf 89' lang='lat' dir='ltr'>qui</span> <span class='ocrx_word' id='word_1_77' title='bbox 497 804 582 851; x_wconf 90' lang='lat' dir='ltr'>sibi</span> <span class='ocrx_word' id='word_1_78' title='bbox 601 803 875 849; x_wconf 88' lang='lat' dir='ltr'>Dalmatiam</span> <span class='ocrx_word' id='word_1_79' title='bbox 902 804 956 850; x_wconf 91' lang='lat' dir='ltr'>ab</span> <span class='ocrx_word' id='word_1_80' title='bbox 985 806 1183 866; x_wconf 72' lang='lat' dir='ltr'>antiquis</span> <span class='ocrx_word' id='word_1_81' title='bbox 1211 806 1496 866; x_wconf 88' lang='lat' dir='ltr'>temporibus</span> <span class='ocrx_word' id='word_1_82' title='bbox 1519 805 1788 854; x_wconf 77' lang='lat' dir='ltr'>obnoxiam</span> 
     </span>
     <span class='ocr_line' id='line_1_12' title="bbox 195 872 1790 934; baseline -0.001 -16"><span class='ocrx_word' id='word_1_83' title='bbox 195 873 367 918; x_wconf 90' lang='lat' dir='ltr'>Veneti</span> <span class='ocrx_word' id='word_1_84' title='bbox 392 886 510 918; x_wconf 89' lang='lat' dir='ltr'>vero</span> <span class='ocrx_word' id='word_1_85' title='bbox 554 886 613 917; x_wconf 78' lang='lat' dir='ltr'>ex</span> <span class='ocrx_word' id='word_1_86' title='bbox 640 873 916 917; x_wconf 89' lang='lat' dir='ltr'>auctoritate</span> <span class='ocrx_word' id='word_1_87' title='bbox 944 872 1279 934; x_wconf 82' lang='lat' dir='ltr'>Imperatorum</span> <span class='ocrx_word' id='word_1_88' title='bbox 1319 874 1541 927; x_wconf 85' lang='lat' dir='ltr'>Orientis,</span> <span class='ocrx_word' id='word_1_89' title='bbox 1570 874 1790 917; x_wconf 87' lang='lat' dir='ltr'>nomina-</span> 
     </span>
     <span class='ocr_line' id='line_1_13' title="bbox 198 936 1788 997; baseline -0.002 -11"><span class='ocrx_word' id='word_1_90' title='bbox 198 943 274 986; x_wconf 92' lang='lat' dir='ltr'>tim</span> <span class='ocrx_word' id='word_1_91' title='bbox 315 940 504 987; x_wconf 86' lang='lat' dir='ltr'>Basilii</span> <span class='ocrx_word' id='word_1_92' title='bbox 543 946 588 984; x_wconf 87' lang='lat' dir='ltr'>et</span> <span class='ocrx_word' id='word_1_93' title='bbox 628 938 947 997; x_wconf 90' lang='lat' dir='ltr'>Constantini</span> <span class='ocrx_word' id='word_1_94' title='bbox 989 947 1079 985; x_wconf 90' lang='lat' dir='ltr'>tum</span> <span class='ocrx_word' id='word_1_95' title='bbox 1107 954 1168 984; x_wconf 78' lang='lat' dir='ltr'>ex</span> <span class='ocrx_word' id='word_1_96' title='bbox 1195 940 1316 984; x_wconf 92' lang='lat' dir='ltr'>dono</span> <span class='ocrx_word' id='word_1_97' title='bbox 1358 940 1516 984; x_wconf 77' lang='lat' dir='ltr'>Alexii</span> <span class='ocrx_word' id='word_1_98' title='bbox 1544 936 1788 995; x_wconf 87' lang='lat' dir='ltr'>Comneni,</span> 
     </span>
     <span class='ocr_line' id='line_1_14' title="bbox 194 1004 1790 1067; baseline -0.002 -14"><span class='ocrx_word' id='word_1_99' title='bbox 194 1008 327 1053; x_wconf 82' lang='lat' dir='ltr'>Bulla</span> <span class='ocrx_word' id='word_1_100' title='bbox 366 1008 525 1053; x_wconf 89' lang='lat' dir='ltr'>Aurea</span> <span class='ocrx_word' id='word_1_101' title='bbox 564 1005 817 1052; x_wconf 76' lang='lat' dir='ltr'>roborato.</span> <span class='ocrx_word' id='word_1_102' title='bbox 857 1006 912 1051; x_wconf 88' lang='lat' dir='ltr'>ad</span> <span class='ocrx_word' id='word_1_103' title='bbox 953 1021 1004 1051; x_wconf 92' lang='lat' dir='ltr'>se</span> <span class='ocrx_word' id='word_1_104' title='bbox 1044 1008 1281 1067; x_wconf 88' lang='lat' dir='ltr'>pertinere</span> <span class='ocrx_word' id='word_1_105' title='bbox 1326 1004 1689 1066; x_wconf 86' lang='lat' dir='ltr'>praetenderant</span> <span class='ocrx_word' id='word_1_106' title='bbox 1731 1006 1790 1063; x_wconf 78' lang='lat' dir='ltr'>c),</span> 
     </span>
     <span class='ocr_line' id='line_1_15' title="bbox 198 1073 1787 1135; baseline -0.003 -14"><span class='ocrx_word' id='word_1_107' title='bbox 198 1079 320 1121; x_wconf 89' lang='lat' dir='ltr'>omni</span> <span class='ocrx_word' id='word_1_108' title='bbox 353 1075 472 1131; x_wconf 82' lang='lat' dir='ltr'>data,</span> <span class='ocrx_word' id='word_1_109' title='bbox 513 1076 602 1118; x_wconf 92' lang='lat' dir='ltr'>imo</span> <span class='ocrx_word' id='word_1_110' title='bbox 637 1075 847 1133; x_wconf 85' lang='lat' dir='ltr'>quaesita</span> <span class='ocrx_word' id='word_1_111' title='bbox 876 1075 1128 1118; x_wconf 86' lang='lat' dir='ltr'>occasione</span> <span class='ocrx_word' id='word_1_112' title='bbox 1162 1076 1387 1118; x_wconf 85' lang='lat' dir='ltr'>—istam</span> <span class='ocrx_word' id='word_1_113' title='bbox 1425 1075 1701 1135; x_wconf 86' lang='lat' dir='ltr'>praeprimis</span> <span class='ocrx_word' id='word_1_114' title='bbox 1731 1073 1787 1117; x_wconf 88' lang='lat' dir='ltr'>ob</span> 
     </span>
     <span class='ocr_line' id='line_1_16' title="bbox 198 1139 1784 1200; baseline -0.003 -12"><span class='ocrx_word' id='word_1_115' title='bbox 198 1157 384 1188; x_wconf 88' lang='lat' dir='ltr'>causam</span> <span class='ocrx_word' id='word_1_116' title='bbox 422 1168 489 1174; x_wconf 91' lang='lat'>-—-</span> <span class='ocrx_word' id='word_1_117' title='bbox 535 1143 673 1186; x_wconf 89' lang='lat' dir='ltr'>armis</span> <span class='ocrx_word' id='word_1_118' title='bbox 714 1139 996 1200; x_wconf 79' lang='lat' dir='ltr'>Huugariam</span> <span class='ocrx_word' id='word_1_119' title='bbox 1039 1140 1264 1186; x_wconf 84' lang='lat' dir='ltr'>infestare</span> <span class='ocrx_word' id='word_1_120' title='bbox 1314 1140 1433 1186; x_wconf 87' lang='lat' dir='ltr'>haud</span> <span class='ocrx_word' id='word_1_121' title='bbox 1481 1139 1784 1185; x_wconf 85' lang='lat' dir='ltr'>desistebant.</span> 
     </span>
     <span class='ocr_line' id='line_1_17' title="bbox 198 1206 1787 1268; baseline -0.003 -13"><span class='ocrx_word' id='word_1_122' title='bbox 198 1210 402 1256; x_wconf 88' lang='lat' dir='ltr'>Tandem</span> <span class='ocrx_word' id='word_1_123' title='bbox 427 1210 490 1255; x_wconf 85' lang='lat' dir='ltr'>A⁰</span> <span class='ocrx_word' id='word_1_124' title='bbox 537 1209 678 1255; x_wconf 82' lang='lat'>1357.</span> <span class='ocrx_word' id='word_1_125' title='bbox 711 1206 952 1254; x_wconf 92' lang='lat' dir='ltr'>Ludovico</span> <span class='ocrx_word' id='word_1_126' title='bbox 980 1208 1012 1252; x_wconf 93' lang='grc' dir='ltr'>Ι.</span> <span class='ocrx_word' id='word_1_127' title='bbox 1047 1214 1273 1267; x_wconf 82' lang='lat' dir='ltr'>regnante</span> <span class='ocrx_word' id='word_1_128' title='bbox 1300 1208 1481 1254; x_wconf 89' lang='lat' dir='ltr'>Veneta</span> <span class='ocrx_word' id='word_1_129' title='bbox 1508 1207 1787 1268; x_wconf 83' lang='lat' dir='ltr'>Respublica</span> 
     </span>
     <span class='ocr_line' id='line_1_18' title="bbox 197 1275 1789 1337; baseline -0.003 -14"><span class='ocrx_word' id='word_1_130' title='bbox 197 1278 471 1323; x_wconf 85' lang='lat' dir='ltr'>Dalmatiam</span> <span class='ocrx_word' id='word_1_131' title='bbox 507 1277 777 1322; x_wconf 89' lang='lat' dir='ltr'>universam</span> <span class='ocrx_word' id='word_1_132' title='bbox 819 1290 843 1320; x_wconf 92' lang='lat' dir='ltr'>a</span> <span class='ocrx_word' id='word_1_133' title='bbox 885 1275 1121 1337; x_wconf 77' lang='lat' dir='ltr'>Dyrachio</span> <span class='ocrx_word' id='word_1_134' title='bbox 1163 1276 1218 1320; x_wconf 91' lang='lat' dir='ltr'>ad</span> <span class='ocrx_word' id='word_1_135' title='bbox 1259 1276 1439 1320; x_wconf 86' lang='lat' dir='ltr'>Istriam</span> <span class='ocrx_word' id='word_1_136' title='bbox 1482 1277 1660 1320; x_wconf 90' lang='lat' dir='ltr'>cunctis</span> <span class='ocrx_word' id='word_1_137' title='bbox 1688 1290 1789 1320; x_wconf 90' lang='lat' dir='ltr'>cum</span> 
     </span>
     <span class='ocr_line' id='line_1_19' title="bbox 197 1341 1785 1401; baseline -0.003 -10"><span class='ocrx_word' id='word_1_138' title='bbox 197 1345 366 1392; x_wconf 91' lang='lat' dir='ltr'>Insulis</span> <span class='ocrx_word' id='word_1_139' title='bbox 396 1344 442 1391; x_wconf 89' lang='lat' dir='ltr'>S.</span> <span class='ocrx_word' id='word_1_140' title='bbox 472 1342 688 1390; x_wconf 86' lang='lat' dir='ltr'>Coronae</span> <span class='ocrx_word' id='word_1_141' title='bbox 723 1341 922 1388; x_wconf 89' lang='lat' dir='ltr'>reddere</span> <span class='ocrx_word' id='word_1_142' title='bbox 951 1350 1131 1401; x_wconf 86' lang='lat' dir='ltr'>coacta,</span> <span class='ocrx_word' id='word_1_143' title='bbox 1172 1343 1306 1389; x_wconf 91' lang='lat' dir='ltr'>simul</span> <span class='ocrx_word' id='word_1_144' title='bbox 1334 1345 1434 1401; x_wconf 78' lang='lat' dir='ltr'>eJus</span> <span class='ocrx_word' id='word_1_145' title='bbox 1462 1342 1623 1399; x_wconf 83' lang='lat' dir='ltr'>titulis,</span> <span class='ocrx_word' id='word_1_146' title='bbox 1659 1343 1785 1400; x_wconf 89' lang='lat' dir='ltr'>juri-</span> 
     </span>
     <span class='ocr_line' id='line_1_20' title="bbox 197 1411 1787 1475; baseline -0.004 -15"><span class='ocrx_word' id='word_1_147' title='bbox 197 1413 375 1475; x_wconf 87' lang='lat' dir='ltr'>busque</span> <span class='ocrx_word' id='word_1_148' title='bbox 402 1412 637 1458; x_wconf 86' lang='lat' dir='ltr'>universis</span> <span class='ocrx_word' id='word_1_149' title='bbox 669 1411 824 1469; x_wconf 87' lang='lat' dir='ltr'>jurata</span> <span class='ocrx_word' id='word_1_150' title='bbox 860 1412 1117 1471; x_wconf 87' lang='lat' dir='ltr'>sponsione</span> <span class='ocrx_word' id='word_1_151' title='bbox 1157 1411 1402 1457; x_wconf 88' lang='lat' dir='ltr'>solleuiter</span> <span class='ocrx_word' id='word_1_152' title='bbox 1442 1412 1488 1455; x_wconf 89' lang='lat' dir='ltr'>in</span> <span class='ocrx_word' id='word_1_153' title='bbox 1513 1416 1787 1471; x_wconf 91' lang='lat' dir='ltr'>perpetuum</span> 
     </span>
     <span class='ocr_line' id='line_1_21' title="bbox 198 1476 619 1538; baseline -0.002 -11"><span class='ocrx_word' id='word_1_154' title='bbox 198 1481 493 1527; x_wconf 83' lang='lat' dir='ltr'>renunciavit</span> <span class='ocrx_word' id='word_1_155' title='bbox 517 1476 619 1538; x_wconf 39' lang='grc' dir='ltr'>ἢ).</span> 
     </span>
    </p>

    <p class='ocr_par' dir='ltr' id='par_1_3' title="bbox 254 1557 1792 1841">
     <span class='ocr_line' id='line_1_22' title="bbox 254 1557 1788 1616; baseline -0.003 -14"><span class='ocrx_word' id='word_1_156' title='bbox 254 1563 298 1616; x_wconf 79' lang='grc'>*)</span> <span class='ocrx_word' id='word_1_157' title='bbox 330 1563 391 1602; x_wconf 92' lang='lat' dir='ltr'>De</span> <span class='ocrx_word' id='word_1_158' title='bbox 421 1561 496 1600; x_wconf 89' lang='lat' dir='ltr'>hac</span> <span class='ocrx_word' id='word_1_159' title='bbox 529 1559 808 1600; x_wconf 89' lang='lat' dir='ltr'>Coronatione</span> <span class='ocrx_word' id='word_1_160' title='bbox 840 1560 1119 1600; x_wconf 86' lang='lat' dir='ltr'>testimonium</span> <span class='ocrx_word' id='word_1_161' title='bbox 1152 1559 1250 1598; x_wconf 79' lang='lat' dir='ltr'>facit</span> <span class='ocrx_word' id='word_1_162' title='bbox 1273 1559 1358 1598; x_wconf 85' lang='lat' dir='ltr'>Rex</span> <span class='ocrx_word' id='word_1_163' title='bbox 1388 1559 1477 1610; x_wconf 90' lang='lat' dir='ltr'>ipse</span> <span class='ocrx_word' id='word_1_164' title='bbox 1507 1557 1788 1599; x_wconf 86' lang='lat' dir='ltr'>colomannus</span> 
     </span>
     <span class='ocr_line' id='line_1_23' title="bbox 312 1608 1791 1669; baseline -0.003 -10"><span class='ocrx_word' id='word_1_165' title='bbox 312 1621 354 1659; x_wconf 92' lang='lat' dir='ltr'>in</span> <span class='ocrx_word' id='word_1_166' title='bbox 384 1616 611 1669; x_wconf 83' lang='lat' dir='ltr'>Privilegio</span> <span class='ocrx_word' id='word_1_167' title='bbox 645 1617 833 1668; x_wconf 87' lang='lat' dir='ltr'>quodam,</span> <span class='ocrx_word' id='word_1_168' title='bbox 864 1617 1064 1657; x_wconf 68' lang='lat' dir='ltr'>A01102.</span> <span class='ocrx_word' id='word_1_169' title='bbox 1097 1608 1355 1656; x_wconf 87' lang='lat' dir='ltr'>Monialibus</span> <span class='ocrx_word' id='word_1_170' title='bbox 1387 1616 1663 1656; x_wconf 77' lang='lat' dir='ltr'>·Jadrensibus</span> <span class='ocrx_word' id='word_1_171' title='bbox 1687 1628 1791 1655; x_wconf 86' lang='lat' dir='ltr'>con-</span> 
     </span>
     <span class='ocr_line' id='line_1_24' title="bbox 313 1672 1792 1727; baseline -0.004 -10"><span class='ocrx_word' id='word_1_172' title='bbox 313 1689 446 1725; x_wconf 88' lang='lat' dir='ltr'>cesso,</span> <span class='ocrx_word' id='word_1_173' title='bbox 477 1680 515 1714; x_wconf 90' lang='lat' dir='ltr'>et</span> <span class='ocrx_word' id='word_1_174' title='bbox 547 1687 570 1712; x_wconf 90' lang='lat' dir='ltr'>a</span> <span class='ocrx_word' id='word_1_175' title='bbox 602 1674 733 1713; x_wconf 91' lang='lat' dir='ltr'>Lucio</span> <span class='ocrx_word' id='word_1_176' title='bbox 767 1673 933 1726; x_wconf 87' lang='lat' dir='ltr'>vulgato</span> <span class='ocrx_word' id='word_1_177' title='bbox 955 1672 1023 1723; x_wconf 51' lang='grc' dir='ltr'>(ῆς</span> <span class='ocrx_word' id='word_1_178' title='bbox 1068 1675 1193 1713; x_wconf 89' lang='lat' dir='ltr'>verba</span> <span class='ocrx_word' id='word_1_179' title='bbox 1235 1672 1326 1727; x_wconf 89' lang='lat' dir='ltr'>ejus</span> <span class='ocrx_word' id='word_1_180' title='bbox 1371 1673 1549 1712; x_wconf 88' lang='lat' dir='ltr'>initialia</span> <span class='ocrx_word' id='word_1_181' title='bbox 1580 1672 1792 1724; x_wconf 84' lang='lat' dir='ltr'>sequentia</span> 
     </span>
     <span class='ocr_line' id='line_1_25' title="bbox 313 1729 1792 1783; baseline -0.003 -10"><span class='ocrx_word' id='word_1_182' title='bbox 313 1738 433 1773; x_wconf 87' lang='lat' dir='ltr'>sunt:</span> <span class='ocrx_word' id='word_1_183' title='bbox 467 1730 597 1783; x_wconf 88' lang='lat' dir='ltr'>„Ego</span> <span class='ocrx_word' id='word_1_184' title='bbox 632 1730 982 1771; x_wconf 85' lang='lat' dir='ltr'>colomannus</span> <span class='ocrx_word' id='word_1_185' title='bbox 1013 1730 1107 1770; x_wconf 89' lang='lat' dir='ltr'>Dei</span> <span class='ocrx_word' id='word_1_186' title='bbox 1140 1730 1324 1770; x_wconf 84' lang='lat' dir='ltr'>Gratia</span> <span class='ocrx_word' id='word_1_187' title='bbox 1354 1730 1451 1770; x_wconf 80' lang='lat' dir='ltr'>Rex</span> <span class='ocrx_word' id='word_1_188' title='bbox 1470 1729 1792 1783; x_wconf 79' lang='lat' dir='ltr'>Hungarlae‚</span> 
     </span>
     <span class='ocr_line' id='line_1_26' title="bbox 315 1785 1790 1841; baseline -0.003 -11"><span class='ocrx_word' id='word_1_189' title='bbox 315 1789 627 1841; x_wconf 85' lang='lat' dir='ltr'>„Croatiae,</span> <span class='ocrx_word' id='word_1_190' title='bbox 676 1794 835 1839; x_wconf 84' lang='lat' dir='ltr'>atque</span> <span class='ocrx_word' id='word_1_191' title='bbox 868 1785 1203 1837; x_wconf 77' lang='lat' dir='ltr'>Dalmatiae,</span> <span class='ocrx_word' id='word_1_192' title='bbox 1245 1787 1396 1827; x_wconf 86' lang='lat' dir='ltr'>salvo</span> <span class='ocrx_word' id='word_1_193' title='bbox 1437 1787 1619 1826; x_wconf 88' lang='lat' dir='ltr'>habito</span> <span class='ocrx_word' id='word_1_194' title='bbox 1653 1785 1790 1827; x_wconf 88' lang='lat' dir='ltr'>Con-</span> 
     </span>
    </p>
   </div>
   <div class='ocr_carea' id='block_1_3' title="bbox 315 1843 1792 1954">
    <p class='ocr_par' dir='ltr' id='par_1_4' title="bbox 315 1843 1792 1954">
     <span class='ocr_line' id='line_1_27' title="bbox 315 1843 1792 1898; baseline -0.002 -12"><span class='ocrx_word' id='word_1_195' title='bbox 315 1846 506 1898; x_wconf 89' lang='lat' dir='ltr'>„sili0,</span> <span class='ocrx_word' id='word_1_196' title='bbox 552 1851 842 1896; x_wconf 87' lang='lat' dir='ltr'>postquam</span> <span class='ocrx_word' id='word_1_197' title='bbox 889 1850 1185 1884; x_wconf 86' lang='lat' dir='ltr'>coronatus</span> <span class='ocrx_word' id='word_1_198' title='bbox 1220 1845 1303 1884; x_wconf 82' lang='lat' dir='ltr'>fui</span> <span class='ocrx_word' id='word_1_199' title='bbox 1334 1843 1591 1896; x_wconf 85' lang='lat' dir='ltr'>Belgradi</span> <span class='ocrx_word' id='word_1_200' title='bbox 1623 1855 1792 1896; x_wconf 84' lang='lat' dir='ltr'>supra</span> 
     </span>
     <span class='ocr_line' id='line_1_28' title="bbox 316 1900 1164 1954; baseline -0.004 -11"><span class='ocrx_word' id='word_1_201' title='bbox 316 1915 476 1954; x_wconf 86' lang='lat' dir='ltr'>„mare</span> <span class='ocrx_word' id='word_1_202' title='bbox 509 1902 559 1941; x_wconf 87' lang='lat' dir='ltr'>in</span> <span class='ocrx_word' id='word_1_203' title='bbox 591 1900 727 1941; x_wconf 90' lang='lat' dir='ltr'>Urbe</span> <span class='ocrx_word' id='word_1_204' title='bbox 759 1901 921 1953; x_wconf 86' lang='lat' dir='ltr'>Regia</span> <span class='ocrx_word' id='word_1_205' title='bbox 951 1907 1027 1941; x_wconf 83' lang='lat' dir='ltr'>etc.</span> <span class='ocrx_word' id='word_1_206' title='bbox 1058 1907 1132 1940; x_wconf 87' lang='lat' dir='ltr'>etc.</span> <span class='ocrx_word' id='word_1_207' title='bbox 1139 1904 1164 1923; x_wconf 80' lang='lat'>‘⁶</span> 
     </span>
    </p>
   </div>
   <div class='ocr_carea' id='block_1_4' title="bbox 230 1971 1796 2540">
    <p class='ocr_par' dir='ltr' id='par_1_5' title="bbox 230 1971 1796 2540">
     <span class='ocr_line' id='line_1_29' title="bbox 230 1971 1792 2030; baseline -0.002 -16"><span class='ocrx_word' id='word_1_208' title='bbox 230 1976 309 2030; x_wconf 47' lang='lat' dir='ltr'>ss)</span> <span class='ocrx_word' id='word_1_209' title='bbox 342 1974 525 2014; x_wconf 80' lang='lat' dir='ltr'>Tabulas</span> <span class='ocrx_word' id='word_1_210' title='bbox 557 1973 853 2021; x_wconf 87' lang='lat' dir='ltr'>abdicationis,</span> <span class='ocrx_word' id='word_1_211' title='bbox 896 1985 1066 2024; x_wconf 87' lang='lat' dir='ltr'>quarum</span> <span class='ocrx_word' id='word_1_212' title='bbox 1099 1971 1326 2026; x_wconf 85' lang='lat' dir='ltr'>Originale,</span> <span class='ocrx_word' id='word_1_213' title='bbox 1358 1985 1448 2012; x_wconf 87' lang='lat' dir='ltr'>cum</span> <span class='ocrx_word' id='word_1_214' title='bbox 1479 1972 1666 2011; x_wconf 57' lang='lat' dir='ltr'>&#39;tenetiis</span> <span class='ocrx_word' id='word_1_215' title='bbox 1698 1984 1792 2011; x_wconf 92' lang='lat' dir='ltr'>mo-</span> 
     </span>
     <span class='ocr_line' id='line_1_30' title="bbox 316 2029 1793 2081; baseline -0.002 -10"><span class='ocrx_word' id='word_1_216' title='bbox 316 2044 528 2080; x_wconf 88' lang='lat' dir='ltr'>raremur,</span> <span class='ocrx_word' id='word_1_217' title='bbox 560 2030 642 2081; x_wconf 87' lang='lat' dir='ltr'>ipsi</span> <span class='ocrx_word' id='word_1_218' title='bbox 685 2030 991 2081; x_wconf 83' lang='lat' dir='ltr'>pervolvimus,</span> <span class='ocrx_word' id='word_1_219' title='bbox 1039 2043 1188 2069; x_wconf 88' lang='lat' dir='ltr'>rursus</span> <span class='ocrx_word' id='word_1_220' title='bbox 1232 2029 1366 2068; x_wconf 86' lang='lat' dir='ltr'>solers</span> <span class='ocrx_word' id='word_1_221' title='bbox 1414 2029 1569 2069; x_wconf 88' lang='lat' dir='ltr'>Lucius</span> <span class='ocrx_word' id='word_1_222' title='bbox 1610 2029 1793 2081; x_wconf 85' lang='lat' dir='ltr'>integras</span> 
     </span>
     <span class='ocr_line' id='line_1_31' title="bbox 316 2087 1794 2141; baseline -0.003 -12"><span class='ocrx_word' id='word_1_223' title='bbox 316 2089 447 2141; x_wconf 91' lang='lat' dir='ltr'>operi,</span> <span class='ocrx_word' id='word_1_224' title='bbox 471 2100 593 2138; x_wconf 88' lang='lat' dir='ltr'>saepe</span> <span class='ocrx_word' id='word_1_225' title='bbox 620 2093 856 2138; x_wconf 63' lang='lat' dir='ltr'>pioxocato,</span> <span class='ocrx_word' id='word_1_226' title='bbox 881 2087 1126 2138; x_wconf 70' lang='lat' dir='ltr'>inscripsit</span> <span class='ocrx_word' id='word_1_227' title='bbox 1127 2088 1183 2139; x_wconf 83' lang='lat'>·:)</span> <span class='ocrx_word' id='word_1_228' title='bbox 1216 2087 1347 2126; x_wconf 78' lang='lat' dir='ltr'>Nobis</span> <span class='ocrx_word' id='word_1_229' title='bbox 1369 2093 1526 2137; x_wconf 86' lang='lat' dir='ltr'>partem</span> <span class='ocrx_word' id='word_1_230' title='bbox 1556 2087 1794 2136; x_wconf 85' lang='lat' dir='ltr'>earundem,</span> 
     </span>
     <span class='ocr_line' id='line_1_32' title="bbox 318 2143 1792 2199; baseline -0.002 -14"><span class='ocrx_word' id='word_1_231' title='bbox 318 2158 419 2199; x_wconf 81' lang='lat' dir='ltr'>quae</span> <span class='ocrx_word' id='word_1_232' title='bbox 452 2145 492 2184; x_wconf 93' lang='lat' dir='ltr'>in</span> <span class='ocrx_word' id='word_1_233' title='bbox 534 2144 703 2195; x_wconf 87' lang='lat' dir='ltr'>probam</span> <span class='ocrx_word' id='word_1_234' title='bbox 752 2150 1008 2183; x_wconf 88' lang='lat' dir='ltr'>assertorum</span> <span class='ocrx_word' id='word_1_235' title='bbox 1052 2144 1170 2192; x_wconf 83' lang='lat' dir='ltr'>facit,</span> <span class='ocrx_word' id='word_1_236' title='bbox 1216 2157 1431 2194; x_wconf 80' lang='lat' dir='ltr'>excerpere</span> <span class='ocrx_word' id='word_1_237' title='bbox 1479 2144 1700 2184; x_wconf 79' lang='lat' dir='ltr'>suffecerit.</span> <span class='ocrx_word' id='word_1_238' title='bbox 1731 2143 1792 2182; x_wconf 90' lang='lat' dir='ltr'>En</span> 
     </span>
     <span class='ocr_line' id='line_1_33' title="bbox 318 2200 1795 2252; baseline -0.003 -9"><span class='ocrx_word' id='word_1_239' title='bbox 318 2203 454 2244; x_wconf 89' lang='lat' dir='ltr'>illam:</span> <span class='ocrx_word' id='word_1_240' title='bbox 489 2201 604 2250; x_wconf 82' lang='lat' dir='ltr'>„Nos</span> <span class='ocrx_word' id='word_1_241' title='bbox 639 2200 923 2240; x_wconf 86' lang='lat' dir='ltr'>Communitas</span> <span class='ocrx_word' id='word_1_242' title='bbox 957 2201 1235 2247; x_wconf 70' lang='lat' dir='ltr'>venetiarum,</span> <span class='ocrx_word' id='word_1_243' title='bbox 1259 2207 1297 2239; x_wconf 89' lang='lat' dir='ltr'>et</span> <span class='ocrx_word' id='word_1_244' title='bbox 1329 2201 1368 2239; x_wconf 90' lang='lat' dir='ltr'>in</span> <span class='ocrx_word' id='word_1_245' title='bbox 1401 2201 1558 2240; x_wconf 85' lang='lat' dir='ltr'>nostris</span> <span class='ocrx_word' id='word_1_246' title='bbox 1587 2200 1795 2252; x_wconf 88' lang='lat' dir='ltr'>personis,</span> 
     </span>
     <span class='ocr_line' id='line_1_34' title="bbox 320 2257 1793 2312; baseline -0.003 -13"><span class='ocrx_word' id='word_1_247' title='bbox 320 2273 394 2312; x_wconf 86' lang='lat' dir='ltr'>„ac</span> <span class='ocrx_word' id='word_1_248' title='bbox 428 2259 528 2307; x_wconf 84' lang='lat' dir='ltr'>viee,</span> <span class='ocrx_word' id='word_1_249' title='bbox 560 2264 598 2297; x_wconf 89' lang='lat' dir='ltr'>et</span> <span class='ocrx_word' id='word_1_250' title='bbox 629 2258 793 2296; x_wconf 90' lang='lat' dir='ltr'>nomine</span> <span class='ocrx_word' id='word_1_251' title='bbox 825 2264 968 2296; x_wconf 89' lang='lat' dir='ltr'>nostro</span> <span class='ocrx_word' id='word_1_252' title='bbox 1003 2258 1332 2297; x_wconf 81' lang='lat' dir='ltr'>Ambasciatores</span> <span class='ocrx_word' id='word_1_253' title='bbox 1363 2257 1531 2303; x_wconf 84' lang='lat' dir='ltr'>Nuncii,</span> <span class='ocrx_word' id='word_1_254' title='bbox 1563 2264 1600 2296; x_wconf 85' lang='lat' dir='ltr'>et</span> <span class='ocrx_word' id='word_1_255' title='bbox 1624 2257 1793 2309; x_wconf 75' lang='lat' dir='ltr'>Syndici</span> 
     </span>
     <span class='ocr_line' id='line_1_35' title="bbox 320 2314 1795 2369; baseline -0.002 -14"><span class='ocrx_word' id='word_1_256' title='bbox 320 2315 568 2369; x_wconf 89' lang='lat' dir='ltr'>„praelibati</span> <span class='ocrx_word' id='word_1_257' title='bbox 599 2314 794 2354; x_wconf 87' lang='lat' dir='ltr'>habentes</span> <span class='ocrx_word' id='word_1_258' title='bbox 827 2315 877 2353; x_wconf 90' lang='lat' dir='ltr'>ad</span> <span class='ocrx_word' id='word_1_259' title='bbox 910 2314 1175 2365; x_wconf 79' lang='lat' dir='ltr'>infrascripta</span> <span class='ocrx_word' id='word_1_260' title='bbox 1208 2314 1393 2364; x_wconf 81' lang='lat' dir='ltr'>plenam,</span> <span class='ocrx_word' id='word_1_261' title='bbox 1440 2321 1479 2353; x_wconf 90' lang='lat' dir='ltr'>et</span> <span class='ocrx_word' id='word_1_262' title='bbox 1511 2314 1680 2353; x_wconf 85' lang='lat' dir='ltr'>liberam</span> <span class='ocrx_word' id='word_1_263' title='bbox 1714 2325 1795 2364; x_wconf 90' lang='lat' dir='ltr'>po·-</span> 
     </span>
     <span class='ocr_line' id='line_1_36' title="bbox 322 2371 1794 2424; baseline -0.003 -11"><span class='ocrx_word' id='word_1_264' title='bbox 322 2378 551 2424; x_wconf 85' lang='lat' dir='ltr'>„testatem,</span> <span class='ocrx_word' id='word_1_265' title='bbox 584 2372 724 2423; x_wconf 78' lang='lat' dir='ltr'>vigore</span> <span class='ocrx_word' id='word_1_266' title='bbox 749 2372 1011 2410; x_wconf 81' lang='lat' dir='ltr'>instrumenti</span> <span class='ocrx_word' id='word_1_267' title='bbox 1036 2372 1233 2422; x_wconf 81' lang='lat' dir='ltr'>praedicti</span> <span class='ocrx_word' id='word_1_268' title='bbox 1262 2371 1438 2410; x_wconf 85' lang='lat' dir='ltr'>contenti</span> <span class='ocrx_word' id='word_1_269' title='bbox 1463 2371 1617 2409; x_wconf 80' lang='lat' dir='ltr'>suimus</span> <span class='ocrx_word' id='word_1_270' title='bbox 1636 2383 1794 2408; x_wconf 89' lang='lat' dir='ltr'>renun-</span> 
     </span>
     <span class='ocr_line' id='line_1_37' title="bbox 323 2428 1795 2481; baseline -0.002 -12"><span class='ocrx_word' id='word_1_271' title='bbox 323 2431 481 2481; x_wconf 88' lang='lat' dir='ltr'>„ciare,</span> <span class='ocrx_word' id='word_1_272' title='bbox 514 2435 551 2467; x_wconf 85' lang='lat' dir='ltr'>et</span> <span class='ocrx_word' id='word_1_273' title='bbox 583 2428 848 2467; x_wconf 82' lang='lat' dir='ltr'>effectualiter</span> <span class='ocrx_word' id='word_1_274' title='bbox 880 2429 1169 2467; x_wconf 84' lang='lat' dir='ltr'>renunciamus</span> <span class='ocrx_word' id='word_1_275' title='bbox 1203 2429 1249 2466; x_wconf 92' lang='lat' dir='ltr'>de</span> <span class='ocrx_word' id='word_1_276' title='bbox 1283 2428 1388 2467; x_wconf 82' lang='lat' dir='ltr'>sacto</span> <span class='ocrx_word' id='word_1_277' title='bbox 1420 2428 1459 2466; x_wconf 94' lang='lat' dir='ltr'>in</span> <span class='ocrx_word' id='word_1_278' title='bbox 1496 2428 1685 2466; x_wconf 86' lang='lat' dir='ltr'>manibus</span> <span class='ocrx_word' id='word_1_279' title='bbox 1718 2439 1795 2466; x_wconf 92' lang='lat' dir='ltr'>su—</span> 
     </span>
     <span class='ocr_line' id='line_1_38' title="bbox 321 2484 1796 2540; baseline -0.003 -14"><span class='ocrx_word' id='word_1_280' title='bbox 321 2485 574 2540; x_wconf 84' lang='lat' dir='ltr'>,‚prascripti</span> <span class='ocrx_word' id='word_1_281' title='bbox 595 2485 734 2538; x_wconf 87' lang='lat' dir='ltr'>Regis,</span> <span class='ocrx_word' id='word_1_282' title='bbox 767 2497 858 2534; x_wconf 89' lang='lat' dir='ltr'>suo,</span> <span class='ocrx_word' id='word_1_283' title='bbox 878 2492 915 2525; x_wconf 85' lang='lat' dir='ltr'>et</span> <span class='ocrx_word' id='word_1_284' title='bbox 937 2498 1107 2526; x_wconf 90' lang='lat' dir='ltr'>suorum</span> <span class='ocrx_word' id='word_1_285' title='bbox 1130 2497 1418 2526; x_wconf 87' lang='lat' dir='ltr'>successorum</span> <span class='ocrx_word' id='word_1_286' title='bbox 1438 2485 1594 2537; x_wconf 83' lang='lat' dir='ltr'>Regum</span> <span class='ocrx_word' id='word_1_287' title='bbox 1618 2484 1796 2531; x_wconf 87' lang='lat' dir='ltr'>nomine,</span> 
     </span>
    </p>
   </div>
   <div class='ocr_carea' id='block_1_5' title="bbox 203 2575 474 2584">
    <p class='ocr_par' dir='ltr' id='par_1_6' title="bbox 203 2575 474 2584">
     <span class='ocr_line' id='line_1_39' title="bbox 203 2575 474 2584; baseline 0 559"><span class='ocrx_word' id='word_1_288' title='bbox 203 2575 474 2584; x_wconf 95' lang='lat' dir='ltr'> </span> 
     </span>
    </p>
   </div>
   <div class='ocr_carea' id='block_1_6' title="bbox 248 2620 1795 2899">
    <p class='ocr_par' dir='ltr' id='par_1_7' title="bbox 248 2620 1795 2803">
     <span class='ocr_line' id='line_1_40' title="bbox 248 2620 1795 2710; baseline -0.005 -7.995"><span class='ocrx_word' id='word_1_289' title='bbox 248 2620 871 2710; x_wconf 48' lang='lat' dir='ltr'>12){lbiddtniLGloJanlMemoiie</span> <span class='ocrx_word' id='word_1_290' title='bbox 895 2676 955 2708; x_wconf 88' lang='lat' dir='ltr'>per</span> <span class='ocrx_word' id='word_1_291' title='bbox 993 2666 1024 2699; x_wconf 88' lang='lat' dir='ltr'>la</span> <span class='ocrx_word' id='word_1_292' title='bbox 1057 2666 1176 2698; x_wconf 84' lang='lat' dir='ltr'>Storia</span> <span class='ocrx_word' id='word_1_293' title='bbox 1215 2665 1307 2698; x_wconf 86' lang='lat' dir='ltr'>della</span> <span class='ocrx_word' id='word_1_294' title='bbox 1332 2664 1520 2698; x_wconf 83' lang='lat' dir='ltr'>Dalmatia.</span> <span class='ocrx_word' id='word_1_295' title='bbox 1546 2663 1688 2696; x_wconf 60' lang='lat' dir='ltr'>Votum.</span> <span class='ocrx_word' id='word_1_296' title='bbox 1716 2663 1795 2696; x_wconf 76' lang='lat' dir='ltr'>dim.</span> 
     </span>
     <span class='ocr_line' id='line_1_41' title="bbox 251 2713 1302 2803; baseline -0.007 -5.871"><span class='ocrx_word' id='word_1_297' title='bbox 251 2764 280 2797; x_wconf 82' lang='grc'>)</span> <span class='ocrx_word' id='word_1_298' title='bbox 309 2713 505 2795; x_wconf 30' lang='lat' dir='ltr'>dgxlffmg</span> <span class='ocrx_word' id='word_1_299' title='bbox 520 2717 635 2794; x_wconf 46' lang='grc' dir='ltr'>ῐέιῗτίῑ.</span> <span class='ocrx_word' id='word_1_300' title='bbox 662 2762 755 2801; x_wconf 69' lang='lat' dir='ltr'>Pra)</span> <span class='ocrx_word' id='word_1_301' title='bbox 782 2760 874 2794; x_wconf 76' lang='lat' dir='ltr'>nist.</span> <span class='ocrx_word' id='word_1_302' title='bbox 902 2761 987 2801; x_wconf 81' lang='lat' dir='ltr'>Reg.</span> <span class='ocrx_word' id='word_1_303' title='bbox 1020 2762 1137 2803; x_wconf 86' lang='lat' dir='ltr'>Hung.</span> <span class='ocrx_word' id='word_1_304' title='bbox 1165 2767 1196 2799; x_wconf 90' lang='lat' dir='ltr'>p</span> <span class='ocrx_word' id='word_1_305' title='bbox 1225 2758 1302 2791; x_wconf 81' lang='lat'>110.</span> 
     </span>
    </p>

    <p class='ocr_par' dir='ltr' id='par_1_8' title="bbox 250 2807 614 2851">
     <span class='ocr_line' id='line_1_42' title="bbox 250 2807 614 2851; baseline 0 -9"><span class='ocrx_word' id='word_1_306' title='bbox 250 2807 284 2847; x_wconf 70' lang='grc' dir='ltr'>ιι)</span> <span class='ocrx_word' id='word_1_307' title='bbox 311 2810 376 2851; x_wconf 85' lang='lat' dir='ltr'>Op.</span> <span class='ocrx_word' id='word_1_308' title='bbox 403 2813 438 2842; x_wconf 77' lang='lat' dir='ltr'>et</span> <span class='ocrx_word' id='word_1_309' title='bbox 463 2808 529 2841; x_wconf 89' lang='lat' dir='ltr'>loc.</span> <span class='ocrx_word' id='word_1_310' title='bbox 555 2809 614 2842; x_wconf 79' lang='lat' dir='ltr'>cit.</span> 
     </span>
    </p>

    <p class='ocr_par' dir='ltr' id='par_1_9' title="bbox 252 2854 585 2899">
     <span class='ocr_line' id='line_1_43' title="bbox 252 2854 585 2899; baseline -0.003 -10"><span class='ocrx_word' id='word_1_311' title='bbox 252 2858 283 2899; x_wconf 79' lang='lat' dir='ltr'>e)</span> <span class='ocrx_word' id='word_1_312' title='bbox 309 2855 380 2889; x_wconf 80' lang='lat' dir='ltr'>Lib.</span> <span class='ocrx_word' id='word_1_313' title='bbox 407 2854 440 2889; x_wconf 75' lang='lat'>4.</span> <span class='ocrx_word' id='word_1_314' title='bbox 465 2854 504 2889; x_wconf 86' lang='lat' dir='ltr'>C.</span> <span class='ocrx_word' id='word_1_315' title='bbox 528 2856 585 2891; x_wconf 85' lang='lat'>17.</span> 
     </span>
    </p>
   </div>
  </div>
 </body>
</html>
