1941 3143
195 64 258 108 68

191 174 309 220 Nam
337 172 517 217 etiamsi
543 171 691 231 pactis
719 170 808 215 illis
825 168 1010 230 plenum
1030 166 1172 212 robur
1197 166 1370 229 largire
1391 167 1638 226 vellemus,
1667 183 1785 230 quae

190 243 546 285 ——intereunte
580 237 784 283 mascula
821 237 1002 297 Regum
1038 238 1266 296 progenie
1303 262 1371 270 —-
1407 235 1638 282 Coronam
1678 237 1786 282 Au-

193 312 335 355 striae
362 304 747 352 Archi-Ducibus
775 304 1082 350 attribuerunt
1107 301 1159 360 ξ*)
1190 305 1244 349 iis
1272 304 1566 350 nihilominus
1595 305 1708 364 ipsis
1738 311 1785 349 et

191 381 474 437 potestatem
505 387 690 433 semper
717 371 990 431 Regnicolis
1018 378 1250 416 servatam
1280 375 1524 426 intuemur,
1564 385 1590 416 e
1616 370 1785 432 Nepo-

190 443 311 488 tibus
338 440 654 489 Maximiliani„
696 454 830 500 quem
856 439 1050 495 vellent7
1088 438 1426 500 praeeligendi7
1467 444 1513 483 et
1548 436 1664 484 filias
1682 437 1785 484 Re-

190 525 298 570 gum
325 508 394 554 his
421 510 688 567 neutiquam
714 507 934 553 inclusas.

247 591 294 645 Ἴ
331 591 460 640 Saepe
510 588 635 634 alias,
685 588 936 640 multumque
989 589 1037 626 de
1085 587 1295 626 validitate
1335 587 1527 627 horumce
1568 592 1783 638 pactorum

304 647 575 696 disceptatum
610 645 702 692 suit,
734 647 783 684 ad
818 658 935 697 quam
968 658 1015 684 ex
1049 657 1177 695 aequo
1209 643 1515 697 dijudicandam
1549 657 1629 683 non
1664 645 1783 683 modo

301 709 484 748 tenores,
517 703 588 740 sed
620 708 849 753 temporum
884 714 1043 753 quoque
1075 700 1282 754 adjuncta,
1314 709 1352 740 et
1384 701 1676 752 paciscentium
1703 713 1785 752 po-

301 766 430 799 testas
464 758 684 809 diligenter
714 760 981 811 expendenda
1011 758 1169 804 forent,
1213 759 1320 809 quod
1352 765 1528 797 attamen
1562 758 1784 796 modernus

301 816 567 867 Reipublicae
599 822 746 863 status,
779 816 840 855 lex
873 816 1022 867 quippe
1046 815 1366 854 fundamentalis
1393 813 1593 866 (XXVI)
1619 813 1785 860 claram,

301 886 347 912 ac
378 879 528 912 certam
562 871 720 923 Regum
754 873 1002 912 haeredibus
1035 871 1233 923 regulam,
1266 877 1386 921 atque
1418 870 1602 909 ordinem
1636 882 1785 909 succe-

301 930 423 969 dendi
469 930 780 981 praescribens,
824 930 945 969 hodie
989 941 1165 979 prorsus
1209 927 1466 978 superfluum
1510 926 1659 966 reddit.
1707 925 1787 967 Cui

302 987 453 1037 volupe
486 993 548 1026 est
579 986 732 1026 hancce
775 987 1056 1038 quaestionem
1101 983 1306 1035 prolixius
1348 983 1389 1021 in
1421 981 1626 1033 analysim
1657 995 1786 1022 revo-

301 1056 417 1091 care,
459 1048 555 1094 post
598 1043 764 1082 Beatum
806 1042 1133 1081 Viedemannum
1157 1039 1213 1089 ³),
1248 1039 1473 1079 Eusebium
1506 1038 1705 1079 Verinum
1725 1039 1785 1093 b)‚

301 1100 534 1150 multosque
575 1099 682 1137 alios
716 1099 887 1150 Georgii
924 1096 1181 1149 Sigismundi
1225 1096 1372 1135 Lakits
1405 1095 1555 1135 librum
1592 1095 1784 1148 singula-

301 1170 386 1196 rem
418 1156 589 1207 relegat‚
622 1156 669 1194 de
703 1154 981 1194 haereditario
1019 1153 1263 1193 succedendi
1307 1153 1409 1192 Jure
1442 1152 1600 1191 Ducum
1635 1152 1784 1203 primo,

299 1213 445 1252 deinde
478 1213 635 1265 Regum
667 1211 907 1265 Hungariae
929 1211 985 1265 ⁸),
1022 1215 1108 1249 tum
1141 1210 1206 1248 bis
1241 1210 1475 1261 oppositam
1503 1208 1783 1260 Disquisitio-

298 1282 391 1309 nem
421 1268 662 1309 historicam
698 1270 747 1309 de
780 1270 900 1309 modo
933 1267 1211 1319 consequendi
1244 1278 1447 1306 summum
1481 1265 1704 1318 Imperium
1741 1265 1783 1305 in

297 1325 516 1380 Hungaria
536 1326 595 1381 Α).

906 1431 954 1486 §.
995 1430 1073 1477 67.

452 1529 754 1588 Reyztlatam
792 1532 1067 1588 amz‘que‘tzes
1103 1529 1501 1574 Successz‘onem.

322 1627 523 1673 Rursum
544 1641 604 1672 ex
631 1627 781 1672 allatis
819 1625 927 1671 bina
970 1624 1109 1670 facile
1144 1624 1357 1685 colliges.
1402 1624 1640 1670 Alterum:
1688 1638 1782 1670 non

180 1696 287 1754 jure
308 1694 500 1740 Uxoreo
528 1693 869 1741 Ferdinandum
892 1693 925 1738 Ι.
953 1693 1134 1753 Regem
1150 1692 1416 1752 Hungariae
1434 1691 1780 1754 fieripotuisse,

184 1763 270 1810 scd
317 1763 523 1822 legitima
574 1768 748 1808 tantum
811 1762 1070 1818 electione,
1138 1774 1256 1821 quae
1295 1761 1488 1807 Posonii
1527 1761 1590 1807 A⁰
1637 1760 1779 1806 1526.

184 1837 376 1891 peracta
420 1831 480 1888 θ),
521 1836 567 1875 et
604 1837 832 1890 sequente
886 1831 932 1874 in
970 1827 1369 1889 frequentioribus
1423 1826 1633 1874 Comitiis
1680 1826 1782 1872 Bu-

184 1897 405 1943 densibus
442 1898 608 1942 iterum
646 1897 916 1942 confirmata
954 1894 1040 1941 fuit
1090 1893 1144 1953 ἣ.
1194 1895 1436 1940 Alterum:
1475 1894 1647 1940 Eorum
1687 1893 1782 1954 hy-

182 1964 431 2026 pothesim,
471 1964 737 2010 nutantibus
764 1964 967 2023 undique
994 1961 1173 2010 fulcris„
1213 1975 1409 2021 prorsus
1445 1960 1624 2006 infirmo
1664 1959 1781 2006 sub-

183 2035 354 2079 sistere
395 2031 521 2088 talo,
574 2033 650 2092 qui
686 2031 864 2092 Arpadi
915 2028 1235 2074 haeriditatem
1282 2043 1366 2073 seu
1406 2027 1779 2079 indeterminata,

183 2102 286 2145 sive
319 2113 475 2154 mera,
529 2098 834 2159 absolutaque
875 2098 1293 2158 pri1nogenitorum
1333 2099 1670 2152 successione,
1723 2094 1780 2140 ad

182 2167 400 2212 linealem
429 2165 639 2211 ordinem
677 2171 860 2222 exacta,
900 2165 1083 2224 utrique
1116 2164 1251 2210 sexui
1277 2165 1373 2222 jam
1405 2165 1462 2209 iis
1489 2161 1779 2225 temporibus

220 2310 254 2351 a)
282 2307 505 2349 {sufurumtion
531 2310 620 2343 burin
646 2308 766 2353 ausgef.
792 2310 881 2345 mii-r,
917 2311 984 2342 nnis
1017 2308 1076 2341 biis
1102 2305 1194 2345 Setius
1221 2304 1402 2349 Eefierreid)
1437 2304 1487 2347 fin·
1512 2303 1780 2348 OErbgercdytigfeit

284 2363 321 2395 „zu
347 2355 413 2387 bem
438 2351 635 2398 &bnigreicbe
661 2357 791 2398 lingum
817 2361 878 2386 run
904 2353 1067 2387 eittetstser
1092 2353 1217 2396 gebabt:
1253 2363 1307 2395 ap.
1334 2354 1490 2386 Goldast
1516 2353 1558 2384 de
1582 2353 1671 2393 fleg.
1707 2353 1779 2383 Bo-

288 2402 378 2431 hem.
405 2401 521 2434 Jurib.
549 2406 585 2433 et
613 2404 711 2435 Priv.
740 2403 782 2433 T.
810 2403 852 2434 ΙΙ.
880 2410 911 2442 q.
939 2403 970 2433 7.
997 2405 1030 2433 et
1057 2410 1132 2442 seq-

219 2446 549 2524 b)1n6Comment.
579 2448 687 2488 jurid.
723 2449 803 2481 crit.
842 2448 886 2480 de
924 2448 1100 2480 haeredit.
1133 2447 1225 2479 Jure
1258 2446 1384 2478 Seren.
1420 2446 1559 2477 Domus
1595 2445 1715 2476 Austr.
1743 2452 1778 2485 p.

286 2494 328 2524 12
379 2496 514 2535 etseq.

224 2540 256 2574 c)
286 2539 369 2580 Cap.
400 2537 421 2570 6
446 2543 481 2570 et
511 2541 542 2571 7.

220 2586 254 2621 d)
283 2586 365 2625 Pag.
395 2586 459 2617 105
488 2589 524 2617 et
549 2594 626 2627 seq.
655 2588 690 2616 et
715 2585 749 2616 in
775 2584 887 2615 Mant.
914 2583 1009 2625 Dipl.
1037 2593 1066 2624 p.
1092 2581 1171 2616 2¹42.
1198 2585 1265 2615 255
1292 2586 1329 2615 et
1353 2592 1429 2624 seq.

218 2633 253 2675 ο)
280 2632 498 2663 Viedemann
526 2642 578 2672 ap.
605 2634 696 2671 Pray
724 2631 850 2664 Annal.
876 2631 916 2662 P.
943 2632 975 2663 5.
1006 2639 1036 2670 p.
1065 2630 1142 2661 128.
1171 2628 1331 2670 lstvansy
1357 2630 1451 2661 Hist.
1479 2627 1516 2659 L.
1542 2626 1574 2658 9.
1604 2637 1633 2668 p.
1652 2627 1708 2660 86.
1733 2645 1777 2652 —

284 2679 367 2710 Litt.
395 2679 500 2712 Ferd.
539 2688 591 2719 ap.
619 2680 773 2716 Pramm
801 2678 833 2709 in
864 2677 942 2708 Litt.
970 2678 1116 2707 Procer.
1145 2677 1262 2716 flung.
1289 2677 1326 2708 P.
1354 2678 1382 2708 1.
1411 2685 1442 2716 p.
1468 2673 1664 2706 298-300.
1705 2674 1778 2705 Ko-

286 2726 435 2756 varhich
464 2725 504 2755 Τ.
535 2727 565 2756 1.
594 2727 740 2757 Ain-tar.
769 2725 808 2754 ad
838 2724 940 2754 Vnst.
969 2722 1066 2753 Com.
1092 2722 1125 2752 in
1151 2723 1202 2754 M.
1229 2723 1295 2755 SS.
1321 2741 1368 2747 —
1402 2721 1502 2754 conf.
1541 2720 1641 2762 Disq.
1679 2720 1774 2753 nint.

283 2772 326 2803 de
351 2771 445 2802 mod.
474 2780 575 2804 cons,
603 2781 731 2803 sumni,
759 2772 845 2811 hup.
875 2770 907 2801 in
933 2768 1050 2809 flung.
1078 2777 1110 2809 p.
1137 2768 1334 2802 131—135.

228 2817 255 2860 ¹)
282 2818 384 2851 1528.
410 2818 488 2850 Art.
513 2818 544 2849 2.
