1941 3143
1657 81 1723 128 47

841 192 886 247 ξ.
939 193 1017 237 31.

354 278 570 322 I‘estusla
600 274 820 320 Galice'ae
844 273 1305 320 Α[Ιηιὶηῑὶςῐναηόηῖε
1324 279 1513 333 forma.

274 375 497 430 Quantam
526 374 633 419 olim
660 373 703 416 in
730 374 910 417 interna
928 371 1149 427 Galiciae,
1168 369 1539 417 etLodolneriae
1567 371 1718 417 admi-

137 444 412 489 nistratione
439 440 598 500 Reges
624 441 773 484 nostri
799 446 976 500 partem
1012 439 1250 498 ceperint,
1290 453 1409 499 quae
1445 439 1599 499 legum
1625 438 1718 484 ibi-

139 509 242 555 dem
266 510 522 570 vigentium
549 521 649 551 cum
674 505 950 566 Hungaricis
977 505 1208 564 analogia,
1243 506 1394 567 qualia
1430 506 1535 564 jura
1562 508 1717 551 muni-

137 577 301 639 cipalia
337 576 490 621 locum
527 573 802 631 habuerint,
843 575 942 619 erui
980 576 1026 619 in
1063 586 1237 619 summa
1283 575 1477 618 istorum
1516 575 1717 619 omnium

137 643 421 690 obscuritate
461 641 685 687 hactenus
723 655 816 686 non
853 642 1015 701 potuit.
1055 639 1106 685 Id
1146 641 1333 685 omnino
1373 654 1433 685 ex
1471 642 1558 698 iis,
1597 655 1715 700 quae

134 712 223 772 ipsi
248 710 385 774 paulo
414 716 520 755 ante
545 709 746 755 veritate
774 707 889 752 duce
917 709 1056 753 tacite
1084 708 1403 753 concessimus
1421 741 1434 763 ,
1470 709 1517 753 in
1557 709 1715 768 aprico

135 786 223 834 est,
251 793 345 824 non
370 777 493 822 illam
518 775 739 820 horumce
766 774 1037 833 Regnorum
1066 775 1122 820 ad
1148 775 1431 819 territorium
1467 781 1714 834 metropo—

133 845 322 890 litanum
348 843 494 889 fuisse
521 843 813 898 relationem,
842 847 890 885 ut
918 843 1020 887 sive
1046 856 1131 901 per
1156 840 1467 886 immediatum
1495 839 1714 885 influxum

135 913 179 956 in
205 911 565 971 legislationem,
601 923 683 954 seu
712 908 969 953 absolutam
1009 908 1250 968 quamdam
1276 907 1450 966 Legum
1475 907 1715 966 Hungari—

135 993 288 1023 carum
338 977 740 1037 participationem
759 1009 771 1020 .
811 977 1134 1035 incorporatas
1187 974 1336 1019 fuisse
1354 1008 1366 1031 ,
1416 976 1715 1035 pronunciari

134 1045 301 1090 valeat.
319 1044 425 1089 Non
451 1058 522 1088 me
548 1042 693 1087 latent
708 1040 890 1101 quidem
912 1041 1048 1086 binae
1074 1042 1366 1097 donationes,
1385 1041 1442 1086 ad
1468 1056 1712 1087 common-

132 1110 367 1154 strandum
392 1109 567 1168 Legum
592 1108 957 1167 Hungaricarum
984 1111 1258 1154 exercitium
1285 1122 1310 1153 e
1337 1107 1533 1168 publicis
1559 1108 1713 1168 Regni

131 1175 339 1221 Comitiis
380 1175 610 1232 allegatae
653 1174 724 1231 ἢ1).
777 1175 974 1235 Prayum
1012 1178 1148 1221 etiam
1189 1174 1362 1221 similes
1404 1189 1464 1220 ex
1501 1175 1710 1222 Archivo

130 1241 358 1288 Camerali
402 1241 697 1295 extraxisse,
737 1254 831 1285 non
871 1255 969 1286 sum
996 1245 1211 1298 nescius,
1250 1240 1413 1302 quibus
1449 1242 1710 1302 priVilegiis

129 1316 359 1366 attamen,
411 1309 592 1353 etiamsi
639 1305 762 1352 bona
809 1305 879 1351 his
920 1307 1088 1353 collata
1138 1311 1257 1353 intra
1297 1308 1502 1353 Gchiae
1539 1309 1708 1355 limites

127 1378 368 1422 exstitisse
394 1374 595 1434 undique
624 1375 825 1420 evictum
851 1372 994 1429 foret,
1018 1387 1096 1420 res
1124 1374 1341 1420 confecta
1371 1374 1568 1420 necdum
1595 1379 1708 1431 erit,

127 1457 228 1488 cum
254 1448 454 1499 constet,
477 1457 501 1486 a
527 1440 734 1500 Regibus
755 1439 1021 1500 Hungariae
1048 1442 1095 1486 in
1120 1443 1422 1497 accessoriis,
1454 1448 1500 1487 et
1523 1441 1709 1487 benefi—

126 1511 268 1556 ciario
296 1510 427 1555 titulo
457 1507 672 1555 obnoxiis
697 1506 961 1554 Ditionihus
996 1521 1145 1570 aeque
1172 1508 1450 1555 donationes
1478 1508 1708 1556 interdum

124 1575 271 1623 factas
298 1575 462 1623 fuisse.

176 1709 228 1762 Ῥ)
260 1707 506 1760 Regnicolae
530 1706 770 1759 Hungariae
796 1708 852 1747 A⁰
901 1705 1022 1749 1807.
1054 1707 1094 1746 111
1114 1707 1305 1748 Comitiis
1329 1707 1579 1761 congregati,
1603 1708 1705 1748 duas

234 1765 476 1804 donationes
516 1765 799 1815 produxerunt
818 1763 887 1817 ὃ),
930 1776 1050 1802 unam
1093 1777 1220 1816 super
1261 1770 1395 1804 castro
1443 1764 1554 1804 Mis
1573 1764 1623 1803 si
1642 1778 1664 1803 11
1683 1777 1706 1803 3

234 1821 437 1861 Ludovici
468 1821 520 1867 1,;
553 1826 591 1859 et
631 1820 799 1859 alteram
847 1832 974 1870 super
1005 1826 1120 1871 parte
1164 1822 1244 1861 vici
1287 1822 1409 1860 Dim
1429 1821 1551 1860 itro
1571 1820 1703 1860 vich

232 1878 391 1917 Mariae
423 1877 454 1916 Ι.
486 1877 793 1928 Palugyaianac
834 1875 1014 1914 familiae
1046 1878 1176 1917 datas.
1218 1878 1375 1917 Intuitu
1408 1890 1579 1929 quarum
1607 1875 1703 1930 jure

233 1934 535 1974 observandum
555 1933 678 1981 venit,
711 1945 758 1971 ex
789 1932 922 1982 prima
941 1933 1175 1973 nullatenus
1201 1934 1352 1987 colligi,
1382 1940 1562 1973 castrum
1587 1933 1701 1972 Mis-

230 1992 322 2031 sina
345 2003 424 2029 non
450 1990 558 2029 intra
591 1989 845 2041 Hungariae‚
877 2002 1018 2029 verum
1051 1990 1233 2030 Galiciae
1265 1990 1416 2030 limites
1448 1990 1698 2042 perstitisse,

229 2054 268 2087 et
299 2048 374 2086 hoc
414 2046 551 2097 ipsum
592 2045 762 2085 alterius
805 2045 965 2086 ordinis
1008 2047 1273 2099 privilegium
1314 2048 1446 2099 magis
1488 2046 1699 2098 probabile

229 2104 377 2150 reddit,
409 2103 515 2142 sicut
545 2103 650 2142 enim
683 2100 886 2155 objectum
920 2103 999 2142 isto
1032 2104 1265 2155 posteriore
1295 2104 1501 2152 collatum,
1533 2103 1700 2142 indubie

229 2161 269 2199 in
298 2159 456 2199 Galicia
486 2159 608 2198 situm
641 2165 741 2208 erat,
774 2159 830 2197 ita
853 2160 1020 2199 traditio
1053 2173 1133 2200 non
1161 2159 1247 2214 jam
1279 2174 1352 2212 per
1370 2160 1609 2212 Hungaros,
1636 2159 1699 2198 vel

228 2229 339 2255 more
371 2215 490 2254 nobis
524 2216 701 2263 usitato,
747 2216 818 2254 sed
850 2229 944 2267 per
986 2217 1156 2256 totius
1199 2217 1433 2256 Russiae
1474 2216 1696 2268 Capita-

228 2286 398 2319 neum,
457 2272 540 2311 vel
587 2271 991 2322 castellanum,
1037 2272 1195 2327 juxta
1244 2274 1694 2313 consvetudinem

226 2328 392 2382 Regni
439 2325 660 2368 Russiae
703 2329 888 2380 peragi
921 2330 1126 2369 diserte
1163 2328 1405 2383 jubetur.
1437 2331 1569 2380 Atque
1600 2329 1695 2368 hinc

226 2399 307 2425 una
327 2386 473 2438 legum,
496 2391 534 2424 et
556 2385 895 2424 consvetudinum
921 2386 1141 2426 diversitas
1164 2387 1418 2426 sufficienter
1443 2387 1612 2437 adparet
1633 2385 1696 2437 ¹³).

225 2442 308 2482 Nec
339 2443 467 2494 igitur
497 2441 610 2481 aliud
640 2441 728 2488 his,
761 2447 798 2480 et
829 2442 1175 2493 subsequentibus
1209 2442 1400 2483 comitiis
1431 2442 1697 2494 postularunt

224 2498 399 2549 amptius
435 2500 590 2547 Status,
623 2506 661 2536 et
693 2497 886 2547 Ordines,
918 2499 1001 2538 nisi
1031 2505 1075 2539 ut
1105 2499 1194 2552 lege
1219 2499 1463 2549 declaretur,
1497 2498 1694 2547 Galiciae,

225 2560 263 2594 et
291 2555 560 2595 Lodomeriae
592 2554 731 2606 Regna
756 2552 853 2608 jure
883 2554 1010 2609 Regis
1040 2556 1280 2609 Hungariae
1310 2556 1520 2608 possideri
1544 2555 1603 2609 ⁰).

151 2715 184 2756 ὃ)
209 2717 289 2750 vid.
309 2718 394 2750 haec
412 2719 501 2753 Doc.
523 2720 556 2751 in
578 2722 658 2752 Aet.
681 2718 779 2751 Com.
802 2719 834 2755 d.
856 2719 889 2753 h.
909 2729 938 2755 a.
964 2729 994 2762 p.
1018 2722 1097 2755 258.
1121 2726 1156 2756 et
1178 2730 1255 2764 seq.

151 2763 185 2801 b)
211 2763 310 2795 Conf.
333 2765 391 2796 cit.
414 2766 574 2798 Dissert.
594 2765 678 2798 hist.
701 2766 781 2797 crit.
801 2774 833 2807 p.
849 2764 928 2798 145.
954 2770 1084 2809 etseq.

150 2810 182 2850 c)
209 2810 298 2842 Acta
324 2808 448 2845 comit.
463 2813 513 2844 ΑΟ
535 2812 637 2846 1807.
663 2810 768 2845 1825.
796 2815 832 2845 et
855 2812 957 2846 1830.
