1941 3143
1592 112 1683 158 153

100 228 170 272 les
197 225 522 280 inveniuntur‚
563 238 674 283 erga
715 222 993 284 condignam
1018 223 1386 286 redemptionem
1430 222 1569 268 Fisco
1599 234 1685 267 ce-

103 294 209 339 dant.
251 294 311 350 Ἴ,-
352 300 487 352 atque
514 293 560 336 in
587 291 779 335 aliorum
808 289 961 336 fundis
987 292 1303 352 promptuaria
1329 318 1396 323 —
1421 289 1567 348 vulgo
1597 289 1685 334 de-

100 362 327 422 positoria
363 386 429 392 ——
466 358 587 404 Salis
631 359 815 415 erigere
857 358 1012 403 valeat
1054 356 1113 415 b).
1154 357 1338 402 Nemini
1374 364 1525 402 autem
1554 356 1687 400 alteri

101 428 246 473 salem
271 425 502 481 effodere,
543 426 617 470 vel
647 438 850 484 coquere
871 459 883 481 ,
923 426 1094 470 nemini
1130 427 1267 470 etiam
1310 430 1583 470 extraneum
1610 424 1688 468 in-

102 494 226 540 ferre
264 493 432 550 liceat„
473 492 636 538 demtis
678 490 855 536 illarum
898 494 1140 552 regionum
1179 491 1384 548 accolis,
1436 490 1599 552 quihus
1642 490 1687 535 id

100 577 184 623 per
220 562 544 621 exceptionem
587 559 835 604 admissum
869 560 1066 620 legimus
1093 557 1155 620 ἥ).
1212 558 1309 604 Hae
1335 584 1403 592 —
1428 560 1594 619 opinor
1619 582 1686 589 ——-

100 642 268 675 causae
309 634 443 683 sunt,
483 627 605 688 quod
645 628 689 671 in
716 627 930 673 Decretis
959 625 1092 674 Sales
1134 626 1406 689 plerumque
1433 626 1570 686 regii-J
1599 639 1683 670 re-

101 697 324 758 galesque
349 702 580 741 vocentur
625 695 680 752 ⁰).

153 807 202 863 ³¹⁶)
237 808 404 849 Gratiae
437 808 609 860 quippe,
657 807 931 859 aequitatique
970 806 1107 859 regiae
1139 807 1180 846 in
1211 805 1388 859 acceptis
1425 805 1685 845 referendum

205 872 281 913 est,
313 866 418 917 quod
462 866 655 905 Partibus
698 864 867 904 adnexis
911 863 1020 904 Salis
1065 863 1283 913 maritimi,
1333 868 1372 903 et
1405 862 1682 903 Comitatibus

207 924 320 962 Arva
350 922 564 971 ThurocZ,
611 928 649 961 et
692 921 814 973 Lipto
858 920 1040 973 polonici
1087 933 1187 961 usus
1229 933 1302 973 per
1350 919 1461 973 leges
1485 918 1528 972 c¹)
1562 918 1687 958 suerit

174 993 179 998 ·
218 978 441 1018 admissus.

801 1135 848 1191 ξ.
889 1136 999 1182 580.

466 1264 612 1310 Ortus
646 1265 793 1320 liujus
827 1267 965 1321 juris
996 1273 1319 1324 pervetustus,

228 1395 328 1450 Quo
368 1395 581 1456 praecIse
620 1399 829 1454 tempore
876 1393 1062 1439 Salinae
1100 1395 1218 1453 regii
1257 1402 1515 1454 proventus
1562 1407 1672 1438 esse

94 1465 352 1524 coeperint,
378 1475 461 1522 pro
490 1467 727 1520 comperto
767 1460 950 1521 quidem
988 1460 1145 1506 dicere
1186 1475 1399 1521 nequeo·‚
1439 1461 1481 1505 id
1520 1467 1676 1506 tamen

95 1537 270 1576 certum
308 1528 383 1583 fit,
425 1528 613 1587 Regalis
651 1527 787 1586 hujus
825 1529 999 1589 passim
1024 1530 1181 1573 usitati
1225 1527 1427 1573 obscura
1455 1527 1683 1588 quaedam

94 1600 294 1657 vestigia
320 1599 365 1641 in
391 1594 727 1656 Diplomatibus
754 1599 898 1655 regiis
919 1610 1197 1652 occurrere,
1222 1609 1341 1656 quae
1373 1595 1576 1641 medium
1604 1610 1689 1641 se-

95 1665 184 1710 culi
223 1664 480 1710 duodecimi
525 1669 747 1723 superant
785 1662 873 1719 ⁷⁹53
913 1663 996 1709 suh
1030 1665 1207 1709 initium
1248 1668 1402 1708 autem
1447 1664 1687 1724 sequentis

94 1732 308 1778 Andreas
347 1730 401 1775 11.
433 1736 552 1775 teste
582 1729 708 1773 Bulla
750 1745 889 1775 aurea
931 1731 972 1787 Ε)
996 1731 1072 1787 jus
1108 1730 1230 1775 istud
1272 1731 1428 1790 reipsa
1457 1732 1683 1775 exercuit.

97 1800 249 1860 Atque
277 1813 337 1843 ex
364 1812 419 1842 eo
448 1803 659 1856 tempore
689 1796 805 1841 adeo
836 1797 1093 1842 solitarium
1130 1797 1250 1857 Regi
1290 1796 1485 1857 amplius
1514 1811 1686 1843 corro-

95 1867 304 1911 boratum
331 1864 445 1920 fuit,
483 1870 532 1909 ut
571 1865 781 1924 quamvis
809 1864 891 1909 sub
931 1863 1168 1910 Uladislao
1199 1864 1379 1910 cultura
1406 1866 1684 1910 minerarum

98 1935 291 1995 privatis
320 1938 447 1977 certa
488 1931 570 1976 suh
612 1930 881 1977 conditione
921 1931 1276 1988 admitteretur,
1319 1930 1505 1977 fodinae
1545 1931 1688 1977 nihil-

98 2002 277 2046 ominus
304 1999 424 2045 Salis
463 1999 608 2043 solius
635 2000 795 2058 regiae
833 1998 1093 2057 Majestatis
1122 1999 1325 2045 dominio
1346 2032 1358 2056 ,
1395 2002 1684 2061 proventui--

97 2083 184 2130 que
210 2073 482 2114 reservatae
510 2068 763 2111 manserint
814 2064 850 2124 ¹]
879 2065 978 2124 Η).

150 2163 199 2217 i')
231 2163 276 2202 In
309 2174 428 2214 quam
460 2174 544 2200 rem
587 2175 709 2201 unum
748 2174 1020 2202 commemoro
1067 2162 1185 2202 Belae
1226 2163 1279 2203 Π.
1323 2164 1370 2202 de
1412 2177 1519 2203 anno
1558 2164 1684 2204 1138.

204 2219 523 2271 Praepositurae
554 2219 835 2259 Demesiensis
869 2219 1150 2259 fundationem
1183 2219 1489 2269 confirmantis,
1523 2221 1562 2261 in
1607 2234 1684 2272 quo

205 2278 254 2317 de
287 2275 396 2317 Salis
429 2274 697 2325 allatoribus,
739 2282 777 2315 et
810 2276 1094 2315 mansionibus
1126 2276 1167 2315 in
1201 2276 1310 2316 ultra
1343 2276 1518 2316 silvanis
1551 2278 1686 2329 parti—

206 2335 297 2384 bus,
329 2332 397 2386 qui
430 2332 491 2371 sal
523 2333 620 2372 dare
651 2333 813 2382 debent,
849 2333 1000 2372 mentio
1033 2332 1240 2385 repetitim
1273 2333 1534 2387 occurrite),
1577 2351 1580 2354 ’

132 2483 166 2524 ³)
194 2483 291 2517 1486.
320 2482 374 2517 49.
402 2503 445 2508 —-
473 2482 574 2518 1492.
600 2484 654 2517 30.
682 2499 727 2505 -
752 2481 853 2516 1514.
881 2485 911 2517 1.
938 2486 974 2516 et
999 2483 1030 2517 3.

134 2542 169 2582 b)
200 2540 300 2574 1548.
327 2541 381 2573 29.

131 2599 163 2636 c)
193 2601 228 2630 ln
257 2597 429 2638 exemplo
460 2595 556 2629 1405.
585 2597 640 2629 20.

133 2653 167 2693 d)
195 2655 260 2687 Cit.
290 2654 390 2686 1548.
417 2654 471 2686 29.
498 2669 541 2674 -
568 2653 668 2687 1635.
695 2651 749 2687 43.
779 2673 822 2679 -—
850 2656 950 2688 1715.
980 2656 1040 2688 13.
1067 2660 1102 2688 et
1129 2657 1206 2689 122.

133 2713 164 2747 ί’)
196 2713 270 2743 ΑΝ.
299 2709 354 2743 24.
383 2714 417 2741 et
444 2712 497 2742 25.

131 2769 169 2809 f)
200 2766 298 2799 1³92.
326 2767 382 2799 30.

129 2827 162 2863 ε)
190 2826 320 2903 Ιιιῑσέᾳν.
344 2827 514 2902 ηιιιειηῑιηη
544 2824 655 2857 sciam
681 2825 817 2867 primus
856 2826 1016 2859 exhibuit
1043 2822 1149 2866 Fejer
1175 2825 1260 2858 Cod.
1286 2826 1376 2868 Dipl.
1403 2824 1444 2857 Τ.
1485 2823 1528 2856 11.
1555 2823 1596 2857 V.
1620 2824 1681 2856 ΙΙΙ.

192 2881 225 2913 p·
278 2876 310 2903 4.
336 2881 353 2903 e
398 2879 472 2912 seq.
