1941 3143
191 94 252 140 18

832 202 880 258 ᾗ.
919 199 1134 247 XXXIV.

668 284 731 344 G)
779 286 1104 332 Obsercante'a
1128 287 1299 345 Reynz’.

323 385 504 447 Regula
543 399 567 429 a
607 383 862 443 majoribus
908 384 1098 441 tradita,
1138 391 1184 430 et
1223 384 1321 431 sola
1364 384 1577 430 diuturna
1618 384 1777 429 conti-

186 471 276 503 nua
327 454 628 501 observantia
677 452 733 497 ad
794 467 881 498 nos
944 467 1092 513 usque
1141 460 1429 514 propagata„
1482 449 1775 498 consvetudo

189 531 286 571 est.
327 537 444 584 quae
484 527 779 581 praesumtae
818 520 1107 579 legislatoris
1144 520 1374 567 voluntati
1413 521 1598 569 innixa,
1646 523 1775 564 recta

186 591 321 638 nobis
359 591 484 635 Juris
523 589 747 648 principia
792 587 1110 635 sulnni-nistrat
1149 588 1207 647 ⁸).
1249 588 1298 634 In
1326 587 1618 648 gravissimis
1657 587 1778 631 enim

185 661 364 720 pati-lae
392 658 595 716 negotiis
635 681 703 688 —
728 662 834 716 puta
864 656 1071 715 Regum,
1111 663 1157 701 et
1197 655 1478 715 Reginarum
1516 655 1780 713 Inaugura-

189 726 419 772 tionibus.
446 751 513 756 ——-
551 726 593 768 in
631 722 826 784 publicis
868 723 1105 781 Comitiis,
1132 750 1198 755 -—
1235 725 1571 777 Decretorum,
1611 737 1665 766 ac
1690 721 1780 767 Di-

185 795 436 857 plomatum
466 790 857 852 expeditionibus.
886 792 1132 851 multisque
1169 791 1286 836 aliis.
1310 794 1415 849 jure
1444 793 1618 850 scripto
1653 804 1779 835 non-

189 863 291 907 dum
322 860 548 916 delinitis,
588 860 718 920 plura
760 873 784 903 a
827 859 927 904 sola
966 860 1117 904 veteri
1147 860 1394 904 traditione
1434 860 1661 917 originem
1690 857 1781 902 du-

184 935 369 976 xerunt.
413 928 526 983 Quia
572 930 727 988 itaque
764 925 1110 971 fundamentum
1140 927 1241 983 ejus
1280 940 1416 971 omne
1444 928 1489 970 in
1516 925 1689 980 tacito,
1728 938 1782 968 ac

185 1000 405 1044 continuo
449 995 759 1054 Legislatoris
802 1001 975 1039 annutu
1020 992 1254 1037 subsistit:
1304 992 1561 1038 inductioni
1600 998 1781 1038 actuum

185 1065 509 1118 conformium,
538 1078 598 1107 ex
624 1061 788 1122 quibus
816 1061 979 1119 Regis.
1010 1060 1268 1119 Populique
1306 1073 1568 1106 consensus
1605 1059 1779 1120 liquido

189 1133 456 1191 colligitur,
496 1132 627 1175 inniti
668 1127 837 1182 debet,
876 1134 924 1172 ut
965 1127 1059 1186 legi
1099 1130 1304 1188 scriptae
1342 1130 1672 1188 aequiparetur
1709 1125 1780 1184 ⁴⁵),

189 1208 325 1261 atquc
355 1202 399 1244 in
428 1211 618 1243 censum
645 1197 804 1242 veniat
831 1197 1229 1256 antiquarum,
1257 1194 1283 1239 b
1302 1209 1565 1251 onarum,
1593 1201 1652 1240 et
1677 1210 1780 1255 ap-

186 1282 296 1330 pro
316 1266 379 1312 ba
399 1275 592 1310 tarum
615 1262 1145 1310 Consvetudinum.
1164 1262 1220 1307 ad
1238 1277 1354 1322 quas
1375 1269 1419 1307 et
1437 1262 1569 1321 leges
1588 1268 1779 1308 nostrae

185 1349 328 1395 saepe
355 1339 636 1395 provocant,
677 1338 724 1376 et
749 1331 908 1390 Reges
936 1332 1025 1391 ipsi
1062 1332 1107 1375 in
1144 1329 1407 1391 Diplomate
1434 1329 1699 1390 Inaugurali
1727 1344 1778 1376 se

184 1402 412 1465 perinde,
454 1417 509 1447 ac
533 1400 667 1460 leges
697 1401 925 1460 scriptas,
968 1397 1304 1445 observaturos
1333 1397 1630 1459 pollicentur.

243 1502 291 1554 ²74)
328 1499 482 1539 intuitu
525 1496 840 1536 consvetudinis
881 1494 1124 1547 peculiarem
1169 1494 1540 1534 considerationem
1576 1498 1783 1534 merentur

299 1556 565 1608 diplomatica
596 1560 880 1600 monumenta,
929 1565 1029 1603 quae
1062 1551 1205 1592 sedula
1248 1552 1502 1591 eruditorum
1535 1552 1783 1604 perquisitio

298 1614 481 1653 tenebris
514 1612 681 1663 eripuit.
731 1610 942 1651 Certim-es
971 1608 1057 1663 jam
1092 1609 1155 1648 bis
1188 1609 1415 1657 efficimur,
1447 1610 1652 1659 permulta
1683 1609 1781 1649 olim

301 1671 575 1711 Comitiorum
610 1668 771 1718 legibus
805 1667 938 1706 fuisse
968 1665 1149 1715 definita,
1182 1679 1284 1717 quae
1316 1666 1478 1705 tametsi
1509 1670 1594 1707 tum
1629 1666 1780 1706 litteris

300 1729 557 1781 consignata,
591 1725 708 1776 lapsu
734 1724 933 1776 temporis
967 1723 1051 1762 fato
1085 1723 1355 1774 qualicunque
1376 1723 1554 1772 latitant,
1587 1724 1780 1775 deinceps

301 1792 434 1825 tamen
462 1783 624 1823 nomine
649 1781 961 1821 consvetudinis
985 1781 1156 1820 candide
1179 1780 1520 1820 observabantur.
1550 1781 1782 1821 Verissime

302 1857 324 1882 a
356 1856 418 1881 mc
450 1841 562 1879 istud
595 1840 810 1883 affirmari,
841 1838 1077 1889 inspicienti
1110 1837 1342 1887 praeclaras
1380 1837 1712 1886 incubi-atinum,
1743 1842 1782 1876 et

302 1912 428 1951 opera
452 1898 636 1936 virorum
666 1896 902 1942 celebrium,
936 1893 1143 1932 veteribus
1167 1894 1370 1941 Decretis,
1395 1892 1781 1945 Diplomatibusque

300 1954 543 2008 colligendis
589 1952 774 1992 sedulam
822 1963 987 2003 operam
1034 1950 1381 2000 impendentium,
1443 1957 1589 2003 suapte
1637 1951 1782 1990 evadet

302 2013 581 2066 perspicuum.

846 2081 892 2136 ξ.
932 2079 1124 2126 XXXV.

710 2166 830 2211 Non
859 2167 972 2210 ilem
996 2162 1260 2221 ,avalo-qia.

322 2252 603 2311 AnalogIam
650 2262 791 2294 sensu
831 2246 1036 2291 Juridico
1086 2259 1237 2291 voco:
1280 2244 1462 2304 quando
1507 2246 1550 2290 in
1595 2244 1780 2292 casibus

188 2337 276 2369 nec
300 2322 425 2380 lege,
453 2333 541 2365 nec
570 2316 871 2362 observantia
901 2312 1100 2358 definitis
1120 2346 1131 2358 .
1176 2326 1199 2356 a
1228 2312 1381 2369 simili,
1424 2319 1499 2357 aut
1526 2314 1780 2368 contrario,

193 2391 250 2436 ad
277 2404 403 2445 eam,
447 2387 501 2432 de
545 2399 633 2445 qua
672 2383 939 2443 quaeritur.
981 2381 1309 2441 quaestionem
1350 2379 1609 2439 ambiguam
1647 2379 1781 2424 deci-

194 2457 387 2503 dendam
408 2490 419 2512 ‚
460 2455 522 2498 uti
551 2451 771 2497 solemus.
802 2448 935 2494 Unde
963 2474 1029 2481 —-
1055 2461 1164 2492 reor
1189 2473 1256 2478 —
1283 2449 1394 2493 satis
1431 2453 1650 2507 apparet,
1688 2460 1782 2507 ge-

189 2541 276 2573 nus
329 2522 450 2569 istud
498 2518 915 2578 argumentatiOnis
966 2515 1324 2576 adplicationem
1364 2516 1518 2575 potius
1565 2514 1620 2560 ad
1661 2515 1781 2572 juris

190 2593 446 2657 principia.
499 2601 635 2648 quam
683 2586 957 2646 principium
1010 2586 1159 2643 ipsum
1210 2584 1499 2629 constituere
1541 2581 1601 2640 ¹³).
1639 2581 1783 2628 Usum

191 2663 295 2722 ejus
322 2662 367 2706 in
407 2656 610 2716 negotiis
637 2666 892 2713 regnorum
929 2650 1125 2712 publicis
1165 2665 1260 2696 non
1287 2665 1395 2698 esse
1423 2649 1783 2712 Infrequentem,

232 2803 264 2844 ⁰)
292 2805 392 2837 Conf.
419 2799 611 2834 Verboezii
638 2800 734 2832 Prol.
762 2801 802 2829 tt.
831 2796 887 2830 10.

231 2850 266 2893 b)
294 2848 474 2890 eat-aubet-
499 2847 542 2880 de
568 2845 707 2889 nuatog.
732 2846 812 2878 Jur.
837 2842 932 2885 publ.
958 2841 1021 2876 int.
1047 2840 1135 2875 font.
1161 2838 1241 2882 pub.
1269 2849 1338 2874 nou
1363 2839 1570 2874 numerand.
