1941 3143
184 78 245 124 62

177 190 388 250 tissime,
437 190 541 238 dum
589 192 737 254 inquit
777 193 818 252 ⁸)
882 191 1059 251 „libera
1107 193 1375 254 voluntate,
1430 202 1477 242 et
1530 208 1767 243 consensu

180 264 394 320 „septem
417 262 626 307 virorum
662 263 908 321 elegerunt
942 261 1028 308 sibi
1069 262 1274 321 Ducem,
1314 279 1369 310 ac
1407 264 1768 325 Praeceptorem

179 327 259 385 „in
285 326 406 373 lilios
443 327 639 374 filiorum
667 343 874 386 suoruim
900 343 1048 390 usque
1076 330 1133 376 ad
1159 330 1359 377 ultimam
1396 333 1767 390 generationem,

176 393 403 506 ,ΞῘΑΙιηιιιιέ6
419 394 557 442 filium
584 395 735 456 Ugek‚
772 403 819 442 et
853 398 930 458 qui
968 412 1029 442 ex
1065 398 1167 457 ejus
1206 401 1513 459 generatione
1562 398 1768 446 descen-

220 467 368 508 erent.

598 632 762 690 Sub-pi
792 631 1122 691 Arpadz'anae
1161 632 1345 692 obtime.

311 710 455 773 Stirpi
480 712 635 773 itaque
661 714 959 775 Arpadianae
986 715 1296 776 Principatum
1323 717 1367 762 in
1408 729 1569 761 omnes
1611 727 1767 774 gene-

174 779 381 824 rat-iones
410 778 636 839 obtigisse
663 780 1011 838 Constantinus.
1054 788 1115 837 et.
1154 797 1287 843 quem
1328 782 1465 844 paulo
1503 789 1608 827 ante
1645 795 1766 842 pro-

173 845 417 902 vocabam,
456 846 678 893 Notarius
719 851 1023 905 conveniunt„
1076 850 1160 894 sed
1195 850 1250 894 de
1289 850 1451 894 ordine
1489 851 1766 894 successio-

173 915 245 959 nis
263 947 275 970 ,
315 914 697 979 qualitercunque
725 916 886 962 eadem
912 919 1190 963 occassione
1219 916 1440 973 stabilito,
1478 918 1651 962 virtute
1677 928 1766 959 cu-

168 981 246 1039 jus
271 983 629 1042 primogenitus7
656 982 735 1028 vel
773 983 921 1043 gradu
948 985 1192 1041 sanguinis
1231 983 1476 1028 decedenti
1502 984 1766 1043 proximus⁷

174 1062 259 1094 seu
300 1052 587 1110 quiscunque
618 1049 799 1094 tandem
828 1064 888 1094 ex
914 1049 1085 1094 familia
1127 1051 1359 1095 exstiterit
1388 1049 1677 1110 designatus,
1710 1048 1768 1094 ad

174 1129 310 1176 quem
348 1115 576 1176 Regiinen
625 1123 792 1176 sponte
829 1116 1138 1173 devolvatur,
1201 1117 1293 1164 alto
1333 1124 1530 1178 uterque
1580 1116 1766 1162 silentio

174 1189 403 1244 premunt.
445 1183 739 1244 Quapropter
765 1184 950 1230 illorum
978 1186 1262 1242 testimonio.
1300 1187 1388 1230 nisi
1429 1183 1639 1230 inanibus
1680 1196 1766 1243 pro

176 1249 368 1295 arbitrio
420 1252 705 1309 conjecturis
744 1251 878 1296 locus
914 1251 1219 1312 relinquatur,
1258 1251 1376 1297 haud
1408 1252 1527 1297 ultra
1570 1250 1767 1295 conclu-

173 1316 284 1362 dere
310 1317 450 1375 licet‚
489 1333 625 1379 quam
650 1318 802 1379 Regni
839 1318 1173 1365 haereditatem
1214 1319 1390 1381 Arpadi
1430 1316 1767 1363 descendenti-

174 1383 259 1431 bus
287 1387 402 1432 citra
427 1400 663 1447 personae
699 1385 951 1432 discrimen
977 1387 1235 1448 aequaliter
1270 1388 1585 1449 competiisse.

904 1470 951 1526 ξ.
982 1471 1060 1517 56.

393 1552 551 1600 Nullo
588 1554 936 1600 Successz‘om's
975 1553 1153 1600 ordine
1186 1553 1554 1613 praestabe'lz'to.

307 1635 499 1681 Mixtam
562 1634 682 1680 hanc
722 1638 1043 1682 successionis
1081 1639 1287 1697 speciem
1329 1635 1391 1693 ¹²).
1430 1634 1642 1682 Saeculis
1683 1648 1768 1680 re·-

172 1704 366 1750 troactis
392 1716 587 1764 prorsus
611 1716 704 1748 non
741 1705 977 1749 insolitam
993 1702 1080 1762 ‘²53
1119 1706 1304 1749 tametsi
1337 1705 1631 1749 recentiores
1659 1703 1768 1762 qui-

174 1770 276 1816 dam
301 1784 423 1832 pene
452 1769 604 1815 dedita
633 1784 776 1830 opera
802 1773 1022 1831 ignorare
1047 1770 1311 1818 voluerint:
1351 1770 1647 1816 nihilominus
1683 1771 1769 1816 vix

173 1844 263 1894 est,
315 1852 396 1883 cur
445 1837 720 1893 dubitemus,
772 1854 873 1884 cum
913 1837 1108 1884 exordio
1148 1838 1449 1884 Monarchiae
1484 1838 1767 1898 hungaricae

174 1906 337 1952 summi
385 1905 611 1965 Principis
664 1904 936 1964 dignitatem
985 1905 1156 1964 duplici
1205 1908 1396 1951 stetisse
1438 1905 1587 1961 titulo,
1637 1905 1767 1961 juri

173 1971 432 2019 scilicet
458 1973 810 2030 geniturae,
840 1978 1020 2031 atque
1047 1972 1268 2032 populi
1296 1971 1609 2030 suffragio
1636 1972 1763 2015 inni-

172 2054 297 2097 xam⁷
325 2038 448 2099 quod
474 2044 719 2097 augustum
749 2065 817 2071 —-
846 2053 982 2099 quem
1008 2052 1147 2098 supra
1174 2039 1429 2085 memoravi
1454 2064 1522 2070 -—-
1545 2038 1764 2098 Scripto-

172 2121 272 2152 rem
298 2108 608 2167 expressione
635 2105 738 2151 illa:
784 2107 823 2164 ⁰]
869 2120 970 2164 „ex
1009 2105 1185 2162 cujus
1226 2105 1489 2166 (Arpadum
1525 2104 1761 2164 intellige)

174 2176 365 2219 etiam
400 2174 688 2234 posteris
729 2174 789 2218 in
824 2172 982 2219 hunc
1018 2188 1218 2234 usque
1269 2173 1417 2218 diem
1444 2171 1765 2232 Princeps

175 2241 439 2286 Turciae
481 2242 952 2295 constituitu1·„“
1011 2240 1216 2285 indicare
1265 2242 1487 2286 maluisse
1527 2242 1760 2285 existimo.

174 2309 398 2369 Alioquin
435 2309 554 2352 enim
580 2322 711 2368 pura.
751 2321 851 2352 cum
878 2310 1007 2366 viget
1035 2309 1293 2363 successiQ
1334 2322 1531 2353 vacuum
1567 2322 1591 2351 a
1618 2311 1767 2350 morte

176 2377 493 2421 antecessoris
522 2375 688 2421 solium
715 2374 976 2420 declaratus
1015 2389 1099 2436 per
1137 2375 1289 2434 legem
1317 2374 1606 2419 immediatus
1648 2371 1768 2417 hae-

174 2456 253 2488 res
279 2443 400 2488 ultro
442 2448 655 2503 occupat,
705 2443 813 2502 quin
850 2455 1049 2488 necesse
1090 2444 1177 2501 sit,
1226 2448 1274 2488 ut
1311 2442 1534 2502 Princeps
1584 2440 1768 2485 consti-

173 2516 343 2557 tuatur.

233 2591 284 2646 5⁶)
316 2590 370 2632 Ut
400 2591 728 2644 Longobardos‚
774 2590 1043 2644 visigothos,
1094 2589 1275 2633 Francos
1319 2589 1377 2646 d),
1419 2596 1457 2632 et
1489 2591 1667 2639 Smcos,
1700 2585 1769 2640 qui

216 2694 250 2733 ²)
277 2695 340 2736 Op.
367 2695 424 2727 cit.
455 2695 492 2727 C.
519 2697 548 2728 5.

215 2740 252 2777 b)
276 2742 424 2774 Martini
450 2742 493 2774 de
519 2742 619 2773 Jure.
647 2740 751 2772 Civit.
781 2740 820 2772 C.
846 2741 899 2774 13.
928 2739 957 2782 ᾗ.
984 2740 1064 2775 419.

221 2789 253 2823 θ)
281 2789 469 2820 Constant.
497 2788 604 2830 Oper.
630 2788 678 2819 cit
715 2788 751 2819 C.
779 2787 835 2821 38.

219 2832 256 2877 d)
284 2835 386 2868 Cous.
412 2835 537 2868 Baluz.
564 2835 608 2867 Τ.
635 2837 664 2868 1.
690 2844 720 2876 p.
748 2834 827 2868 378.
854 2836 891 2866 et
915 2833 954 2865 Τ.
982 2833 1024 2865 11.
1051 2841 1131 2875 pag.
1158 2832 1242 2866 216.
