1941 3143
1625 102 1687 147 49

164 212 212 267 ²¹¹²)
243 209 483 261 Exemplum
506 209 725 249 Tractatus
748 209 913 259 similis,
935 223 958 249 a
979 208 1198 260 Rudolpho
1222 208 1486 260 Imperatore,
1510 221 1555 249 ac
1579 208 1690 261 Rege

222 281 310 308 cum
355 267 620 319 Sigismundo
652 266 847 306 Bathorio
880 266 986 315 initi,
1027 272 1065 305 et
1107 265 1451 317 subsequentibus
1494 265 1687 305 Comitiis

219 324 455 370 ratihabiti,
489 322 626 363 Codex
659 324 908 363 domesticus
941 322 1261 375 suppeditata),
1295 322 1334 361 in
1368 334 1445 373 quo
1478 327 1516 361 et
1548 328 1690 373 aperta

222 394 350 421 nexus
382 380 630 419 clientelaris
664 381 857 431 vestigia,
891 385 1243 431 quantumcunque
1277 378 1356 417 Jus
1388 377 1517 418 Feudi
1542 391 1693 429 excep-

219 446 302 478 tum
336 443 589 487 compareat,
621 442 659 475 et
690 438 869 475 conditio
904 438 1064 476 futurae
1095 435 1432 486 reapplicationis
1466 434 1696 474 clarissime

223 495 523 544 exprimuntur.
571 493 680 531 Idem
724 493 1028 533 Conventiones
1072 493 1324 543 posteriores
1366 504 1454 530 cum
1489 491 1695 542 Stephano

223 551 424 602 Bocskay,
457 556 494 588 et
534 548 723 588 Gabriele
758 551 922 589 Betblcn
947 551 1054 588 sacta
1080 549 1378 600 praeseferunt.
1410 548 1455 586 In
1478 548 1550 586 illa
1572 560 1698 598 prae-

218 614 379 648 cautum
415 607 489 645 l'uit
515 606 572 658 1.)
600 605 681 653 „Ut
720 606 809 656 ipsa
845 607 1138 646 Transilvania
1170 606 1345 657 Regno
1377 604 1693 656 Hungariae

221 665 606 713 „incorporata
639 670 857 701 maneat.
891 664 970 713 11.)
1005 662 1058 702 Ut
1090 663 1276 713 Bocskay
1308 662 1347 700 in
1374 661 1694 713 recognitionem

222 719 566 771 „Superioritatis
588 720 807 770 quotannis
830 732 998 758 munera
1018 720 1212 770 quaedam
1228 719 1333 757 Suae
1347 716 1559 771 Majestati
1583 716 1696 757 Cae-

224 789 370 827 „sareo
403 777 576 828 Regiae3
609 788 653 814 ac
693 774 876 828 ejusdem
910 776 1231 815 Successoribus
1275 775 1469 825 legitimis
1512 773 1695 825 Regibus

226 833 487 885 „Hungariae
530 845 603 883 per
645 839 798 871 certum
845 833 1049 871 hominem
1093 832 1251 871 offerat.
1293 829 1394 884 ΙΙΙ.)
1438 829 1490 870 Ut
1522 830 1698 868 nuncios

227 903 416 941 „semper
447 891 496 928 ad
527 889 720 937 Diaetas,
761 890 921 939 quando
955 902 1023 927 eae
1055 888 1385 934 celebrabuntur,
1421 887 1564 926 mittat.
1598 886 1698 934 IV.)

229 946 310 995 „Ut
351 947 441 996 ipso
474 959 493 984 e
525 946 632 984 vivis
677 947 912 992 decedente,
963 945 1259 984 Transilvania
1301 956 1389 982 cum
1432 943 1618 994 partibus
1650 943 1702 981 ad

230 1003 511 1053 „Hungariam
538 1002 831 1052 spectantibus,
864 1008 902 1040 et
922 1002 1002 1052 ipsi
1025 1001 1249 1051 assignatis
1276 1012 1424 1039 rursus
1449 1012 1537 1038 cum
1563 998 1703 1037 omni-

229 1060 333 1106 „bus
366 1059 454 1097 suis
488 1057 781 1108 proventibus,
813 1064 851 1096 et
883 1058 1144 1109 pertinentiis
1177 1057 1360 1108 integre,
1403 1062 1440 1095 et
1472 1057 1561 1095 sine
1593 1055 1705 1093 omni

230 1115 613 1165 „tergiversatione,
637 1126 681 1152 ac
704 1114 990 1164 impedimento
1015 1115 1063 1152 ad
1089 1114 1287 1163 Regnum,
1321 1119 1358 1151 ct
1383 1113 1533 1164 Regem
1558 1111 1704 1150 devol-

231 1176 396 1218 „vatur‚
428 1178 466 1207 et
494 1171 665 1208 liberum
694 1170 748 1208 sit
771 1171 871 1222 Regi
898 1183 972 1221 pro
999 1183 1073 1209 suo
1104 1170 1276 1208 arbitrio
1306 1170 1352 1207 de
1382 1169 1527 1207 iisdem
1555 1168 1706 1218 dispo-—

230 1238 367 1274 „nere.
399 1225 478 1277 V.)
513 1224 565 1264 Ut
593 1226 699 1263 hunc
720 1226 760 1263 in
785 1224 916 1274 finem,
948 1232 986 1265 et
1006 1239 1144 1265 casum
1172 1226 1372 1277 Bocskay,
1404 1225 1596 1264 similiter
1614 1223 1707 1277 ejus

230 1280 570 1332 „consanguinei,
588 1286 626 1318 et
651 1281 797 1319 affines
824 1282 979 1332 scripto
1003 1282 1198 1333 sigillam,
1224 1289 1262 1321 et
1286 1282 1522 1332 subscripto
1547 1294 1707 1320 renun-

231 1337 380 1387 ,‚cient,
413 1350 455 1375 se
482 1336 585 1375 nihil
608 1335 719 1388 juris
748 1337 788 1375 in
818 1344 1058 1388 perpetuum
1089 1338 1247 1376 ratione
1273 1336 1398 1390 hujus
1425 1337 1708 1377 concessionis

232 1393 325 1443 „vel
347 1395 395 1432 ad
418 1393 712 1444 Principatum,
747 1393 808 1432 vel
831 1395 879 1432 ad
904 1394 1240 1433 Transilvaniam
1266 1394 1379 1432 nullo
1404 1407 1579 1445 unquam
1601 1399 1711 1432 tem-

232 1463 359 1502 „pore
390 1451 657 1500 praetendere
694 1450 795 1488 velle
827 1453 933 1489 etc.“
953 1451 1012 1503 b).
1047 1451 1090 1489 In
1125 1450 1233 1489 binis
1265 1450 1530 1490 Tractatibus
1564 1456 1712 1497 autem,

236 1520 338 1558 quos
367 1519 454 1546 cum
481 1505 689 1545 Bethlenio
713 1506 893 1545 Mathias
918 1508 971 1546 Αο
1012 1506 1118 1547 1615
1144 1507 1208 1545 die
1245 1506 1289 1545 6³
1310 1512 1347 1545 et
1371 1507 1441 1546 162¹
1462 1507 1560 1559 May
1589 1507 1713 1557 pepi-

233 1569 347 1615 gerat
367 1564 424 1616 c),
456 1575 650 1602 concessa
679 1563 970 1602 Transilvanis
1006 1564 1134 1603 libera
1167 1563 1381 1614 Principes
1415 1564 1592 1614 eligendi
1631 1576 1713 1614 po-

233 1626 403 1667 testate,
435 1632 481 1658 eo
524 1633 604 1658 non
648 1620 835 1658 obstante
876 1620 1170 1659 Transilvauia
1209 1633 1232 1658 a
1275 1619 1441 1659 Corona
1471 1620 1714 1671 Hungarica

234 1675 565 1715 inabalienabilis
597 1676 919 1727 pronunciatur,
961 1683 998 1715 et
1030 1677 1159 1715 libera
1190 1676 1332 1715 electio
1365 1689 1545 1726 eousque
1578 1676 1713 1714 solum

237 1734 435 1771 duratura
467 1733 722 1780 decernitur,
770 1734 898 1771 donec
937 1732 1015 1772 Dei
1058 1731 1251 1771 beneficio
1284 1732 1421 1780 Buda,
1463 1738 1500 1770 et
1531 1732 1660 1783 Agria
1691 1744 1715 1770 a

239 1794 438 1840 potestate
469 1788 699 1827 Turcarum
734 1787 842 1839 (nisi
875 1795 992 1828 antea
1025 1788 1255 1840 voluerint)
1283 1788 1604 1837 eliberabuntur,
1638 1801 1716 1838 qua

239 1846 448 1892 eliberata,
479 1845 774 1884 Transilvania
796 1858 884 1884 cum
917 1846 1104 1896 partibus
1126 1845 1206 1884 sibi
1229 1845 1398 1884 adnexis
1424 1846 1462 1883 in
1492 1845 1716 1896 pristinum

241 1903 414 1949 Statum,
446 1901 506 1940 uti
537 1907 719 1952 tempore
750 1902 1011 1952 antiquorum
1045 1902 1200 1954 Regum
1233 1914 1307 1952 per
1332 1900 1542 1941 Officiales
1564 1901 1717 1953 Regios

242 1959 469 2011 gubernata
500 1957 648 2007 fuerat,
679 1958 830 1999 redeat.

837 2046 885 2102 ὃ.
926 2047 1004 2092 34.

659 2144 760 2190 Sub
797 2144 1064 2203 Leopoldo
1102 2145 1192 2190 ΓΜ·

275 2239 488 2286 Liberata
513 2240 782 2287 victricibus
811 2241 1039 2302 Leopoldi
1065 2241 1365 2303 Imperatoris
1394 2242 1531 2287 armis
1559 2256 1583 2286 a
1604 2242 1720 2301 jugo

136 2307 333 2352 TurcIco
361 2307 610 2367 HungarIa,
639 2316 839 2370 postque
872 2309 1186 2355 voluntarium
1231 2308 1473 2354 Michaelis
1501 2308 1669 2368 Apaffy
1696 2323 1721 2352 a

135 2373 400 2435 Principatu
433 2375 693 2432 decessum,
744 2376 1068 2421 Transilvania
1100 2390 1285 2437 quoque
1336 2376 1392 2421 ad
1432 2377 1605 2422 avitum
1638 2388 1724 2419 re—

139 2440 219 2485 diit
251 2441 512 2498 Dominum,
552 2458 575 2487 a
618 2457 725 2503 quo,
763 2449 812 2487 ut
839 2443 995 2489 Status
1022 2444 1377 2491 Transilvaniae
1413 2442 1580 2488 litteris
1609 2441 1725 2488 sul»-

136 2506 386 2563 jectionem
413 2509 672 2571 Leopoldo,
712 2517 757 2555 et
793 2509 1001 2568 ejusdem
1038 2509 1131 2555 silio
1168 2512 1481 2571 primogenito
1515 2507 1725 2568 Josepho

144 2575 476 2633 spondentibus
519 2576 813 2637 profitentur,
851 2578 940 2639 ipsi
980 2576 1212 2637 „satorum
1248 2577 1451 2636 invidia,
1492 2584 1537 2623 et
1575 2575 1726 2620 ambi-

184 2701 218 2737 ·)
245 2700 344 2732 1595.
371 2703 424 2735 56.

182 2743 220 2785 1³)
250 2746 384 2778 xatona
412 2748 474 2790 Op.
500 2749 556 2782 cit.
582 2751 680 2781 Tom.
708 2751 762 2783 28.
790 2760 819 2791 p.
848 2750 925 2782 502.

184 2798 214 2823 ς)
243 2793 403 2825 Priorem
439 2796 508 2827 vid.
540 2806 592 2836 ap.
630 2798 768 2829 Karona
804 2807 822 2828 e
851 2797 956 2828 MSS.
982 2794 1169 2835 Battliyzin.
1196 2796 1261 2838 Op.
1297 2796 1352 2828 cit.
1381 2796 1419 2828 Τ.
1445 2795 1500 2827 29.
1529 2803 1558 2835 p.
1585 2792 1664 2825 583.
1689 2793 1725 2824 et

250 2847 325 2878 seq.
354 2841 421 2873 Alt.
448 2845 532 2875 text.
560 2843 636 2875 huc.
664 2843 730 2875 fac.
757 2843 791 2875 iu
818 2843 875 2876 cit.
903 2843 1049 2875 dissert.
1075 2842 1157 2874 bist.
1184 2843 1263 2875 crit.
1293 2853 1322 2883 p.
1351 2843 1429 2874 192.

1441 2888 1470 2932 4
