1941 3143
228 75 324 122 110

224 187 411 233 omnino
460 188 764 251 impediatur3
804 196 914 236 tunc
948 192 1103 250 itaque
1138 191 1334 237 Tutelae
1385 191 1517 239 locus
1545 228 1557 249 ,
1598 200 1644 240 et
1694 193 1810 240 alius

220 254 392 301 tamdiu
416 254 562 316 Regis
603 261 788 304 nomine
826 257 1155 318 rempublicam
1195 259 1508 317 administrat,
1549 261 1699 307 donec
1738 262 1812 306 hic

221 322 279 367 ad
318 337 402 369 eos
439 329 712 386 pervenerit
751 339 930 382 annos.
970 324 1134 385 quibus
1172 327 1274 387 ipse
1314 342 1399 388 per
1427 342 1477 373 se
1503 328 1807 389 gubernando

218 404 445 450 praeesse
471 391 642 437 valeat.
682 393 930 448 Quaeritur
956 406 1098 452 ergo:
1140 395 1241 454 quis
1268 393 1500 454 legitimus
1527 395 1672 455 Regis
1713 396 1809 441 Pu-

217 456 315 516 pilli
364 458 509 505 Tutor
535 458 630 506 sit?
668 466 715 507 et
753 466 921 522 quotus
963 474 1109 507 annus
1145 460 1252 508 huic
1288 461 1461 509 tutelae
1488 462 1624 510 finem
1651 465 1807 525 impo-

216 523 332 570 nat?

953 663 962 672 .
1008 628 1115 675 133.

450 709 632 754 Pr2'm2‘s
668 711 835 769 Rngm‘
865 628 1059 757 Sffczclv's
1094 716 1324 771 nuspiam
1362 712 1576 767 definita.

350 788 605 851 Superiora
640 790 906 852 Hungariae
946 800 1155 855 tempora
1211 794 1469 855 repetendo
1487 828 1499 850 a
1554 793 1610 839 de
1661 794 1805 839 tutela

214 855 412 917 Regum,
452 859 499 902 in
537 859 896 905 minorennilale
923 863 1199 922 positorum.
1239 861 1390 919 Regni
1419 860 1806 907 administrationi

215 925 480 982 conjuncta,
510 925 787 987 quandoque
825 928 986 973 Patres
1013 930 1101 988 ipsi
1128 931 1222 973 vita
1251 930 1419 972 comite
1464 927 1805 988 providebant3

215 992 283 1037 sic
313 991 552 1037 Emericus
579 993 815 1038 Andream
842 994 1033 1039 fratrem
1060 994 1261 1039 Ladislai
1303 994 1364 1051 ·)ᾖ
1405 999 1449 1038 et
1468 994 1731 1055 Stephanus
1748 995 1804 1041 V.

212 1058 525 1104 Elisabetham
544 1059 740 1104 Matrem
766 1059 922 1114 itidem
949 1060 1151 1106 Ladislai
1168 1060 1390 1106 Natorum
1421 1075 1610 1107 suorum
1635 1077 1724 1108 una
1752 1077 1805 1108 ac

210 1125 513 1186 Reipublicae
542 1141 714 1184 curam.
744 1126 895 1172 donec
922 1127 1268 1185 adolescerent.
1296 1128 1467 1173 ultimis
1496 1129 1663 1174 tabulis
1691 1144 1802 1174 cre-

211 1191 347 1237 ditam
374 1192 640 1239 voluerunt.
679 1194 811 1240 Alias
854 1197 991 1241 eliam
1016 1194 1223 1252 Matres„
1263 1210 1380 1256 quae
1419 1197 1552 1241 simul
1591 1196 1803 1256 Reginae

209 1259 379 1305 viduae
408 1267 556 1317 erant,
597 1261 792 1307 eandem
818 1265 1153 1323 procuravisse
1196 1262 1515 1308 animadverto
1551 1262 1623 1321 *),
1663 1265 1803 1323 inque

207 1325 364 1372 talium
393 1326 596 1385 defectu,
626 1328 975 1375 Gubernatores
1004 1345 1064 1375 ex
1090 1330 1309 1375 Ordinum
1337 1329 1520 1375 delectu
1564 1332 1799 1375 constitu-

207 1399 297 1440 tos.
325 1420 393 1426 --
416 1393 533 1439 Nam
558 1402 607 1441 ut
633 1395 690 1440 ad
725 1411 898 1458 anceps
938 1395 1160 1458 Stephani
1196 1397 1272 1442 III.
1318 1396 1361 1455 ¹³)
1404 1397 1666 1458 exemplum
1706 1411 1801 1443 non

207 1459 488 1521 confugiam,
514 1476 599 1523 pro
617 1461 763 1508 Maria
787 1463 820 1508 I.
847 1463 1112 1510 Elisabetha
1129 1463 1354 1510 Ludovici
1380 1464 1412 1509 I.
1441 1464 1591 1517 vidua,
1624 1465 1663 1523 ⁰)
1694 1463 1800 1510 dein

204 1527 402 1574 Alberto
429 1531 666 1590 inopinata
696 1537 846 1576 morte
887 1545 912 1576 e
949 1533 1072 1578 vivis
1101 1538 1282 1593 erepto,
1333 1530 1517 1590 Conjux
1541 1530 1678 1589 hujus
1705 1545 1799 1577 non

204 1598 396 1657 proprio
424 1602 615 1654 tantum‚
656 1596 780 1658 quod
814 1598 1163 1659 praetenderat,
1201 1613 1365 1645 verum
1394 1604 1439 1644 et
1464 1598 1567 1644 Filii
1593 1597 1795 1644 Ladislai

203 1665 250 1709 in
275 1663 395 1710 ulnis
423 1665 519 1709 suis
548 1663 806 1710 diademate
831 1665 1047 1723 redimiti,
1074 1667 1261 1712 nomine
1287 1679 1458 1726 regere
1482 1667 1587 1712 visa
1614 1672 1687 1711 est
1727 1663 1790 1723 d);

202 1729 280 1775 ubi
319 1737 472 1776 autem
511 1732 648 1777 istum
686 1739 885 1792 utroque
920 1733 1120 1779 Parente
1163 1733 1317 1778 orbari
1355 1734 1633 1792 contigerat,
1683 1738 1792 1794 post

204 1812 391 1844 caesum
415 1798 690 1845 intermedio
718 1805 930 1861 tempore
946 1800 1233 1857 Vladislaum
1258 1799 1514 1846 I.Joannes
1529 1799 1786 1861 Hunyady3

204 1865 404 1925 denique
431 1880 532 1910 cum
558 1865 754 1912 Mathias
780 1865 915 1925 hujus
943 1867 1062 1913 filius
1090 1868 1277 1925 absens,
1306 1874 1442 1928 atque
1469 1881 1634 1912 annum
1652 1871 1787 1911 aeta-

202 1934 261 1977 tis
292 1935 366 1978 15.
396 1947 559 1991 agens,
589 1933 845 1993 eligeretur
866 1968 879 1990 a
920 1934 1129 1992 ejusdem
1156 1934 1431 1980 Avunculus
1456 1932 1656 1979 Michael
1681 1932 1792 1980 Szi-

201 2000 330 2061 lagyi
358 1999 704 2045 Gubernatores
733 2002 877 2045 creati
903 2000 1091 2046 fuerunt
1135 2002 1192 2058 ς).

259 2081 311 2136 *)
345 2080 547 2120 Genitrici
579 2079 767 2120 Ladislai
801 2080 971 2121 Cumani
1005 2081 1093 2120 sive
1129 2080 1280 2121 tabulis
1313 2081 1591 2121 antecessoris
1624 2080 1796 2129 ultimis,

315 2149 388 2177 seu
430 2149 479 2176 ex
523 2135 726 2176 ordinum
772 2138 1033 2189 providentia
1079 2137 1357 2178 consiliarios
1409 2139 1460 2177 ad
1501 2137 1795 2189 rempublicam

313 2193 683 2234 administrandam
714 2194 847 2235 fuisse
871 2196 1050 2244 additos,
1084 2195 1206 2234 facile
1235 2195 1412 2247 largior3
1443 2195 1625 2235 Matrum
1648 2200 1797 2242 tamen,

315 2251 485 2290 tutelam
527 2251 657 2290 veteri
694 2249 790 2304 jure
838 2257 983 2291 nostro
1027 2264 1246 2303 personam
1289 2257 1444 2291 tantum
1487 2251 1638 2304 pupilli
1677 2251 1796 2303 regii,

315 2320 398 2347 non
431 2319 512 2346 una
543 2308 663 2347 etiam
706 2309 834 2360 Regni
880 2309 1228 2348 Gubernationem
1271 2309 1531 2361 respexisse,
1573 2308 1633 2348 uti
1663 2319 1796 2358 nuper

317 2364 481 2417 quidam
513 2364 828 2416 suspicabatur,
871 2367 1073 2406 adversus
1105 2366 1231 2406 toties
1263 2378 1338 2417 per
1368 2365 1632 2405 minorennes
1663 2363 1793 2403 Prin-

241 2465 276 2507 2)
302 2467 461 2498 Thomas
486 2466 866 2528 archi-Diacsspalat.
891 2469 926 2502 in
941 2470 1037 2502 Hist.
1063 2470 1212 2504 Salonit.
1239 2470 1331 2503 conf.
1345 2469 1467 2502 Palma
1492 2471 1565 2501 not.
1589 2476 1659 2501 rer.
1682 2467 1792 2507 hung.

240 2514 578 2601 b)x'⁷¹i}1.¹'1,¹i³it.¹231
613 2559 685 2599 huj.
721 2559 855 2594 Geisae
889 2561 931 2594 de
965 2563 1068 2594 Anno
1103 2562 1206 2596 1163.
1246 2571 1299 2605 ap.
1327 2561 1459 2594 Fariat.
1497 2569 1550 2602 op.
1577 2559 1638 2593 cit.
1664 2560 1706 2592 P.
1732 2559 1793 2591 ιη.

306 2606 391 2638 item
414 2606 457 2638 de
483 2615 575 2638 anno
604 2607 703 2639 1179.

239 2652 272 2691 ο)
296 2653 415 2686 Praet.
441 2662 557 2693 comp.
583 2653 763 2686 Thuroez.
789 2653 921 2686 ebron.
946 2653 985 2686 P.
1011 2654 1071 2686 111.
1099 2653 1138 2686 C.
1164 2656 1192 2687 1.

238 2697 273 2741 d)
300 2699 390 2732 Eod.
426 2709 481 2741 op.
519 2700 579 2731 cit.
605 2700 643 2731 P.
669 2700 727 2731 1v.
761 2699 798 2732 C.
832 2700 887 2732 29.
923 2701 1024 2733 Cous.
1064 2702 1169 2741 Disq.
1198 2699 1282 2732 hist.
1317 2699 1359 2732 de
1385 2698 1493 2731 modo
1520 2707 1623 2731 cons.
1663 2704 1789 2729 summ.

302 2747 392 2788 Imp.
414 2747 447 2778 in
475 2746 594 2787 Hung.
624 2755 657 2786 p.
678 2747 732 2778 83.

239 2791 271 2834 ⁰)
295 2793 386 2825 Dec.
412 2801 431 2824 a
454 2790 554 2824 1446.
572 2795 607 2823 et
634 2790 724 2824 1458
752 2810 797 2816 —-
813 2790 916 2826 Conf.
942 2791 1150 2825 Kovachich
1173 2795 1267 2826 vest.
1288 2790 1388 2823 Com.
1409 2800 1442 2834 p.
1460 2791 1540 2826 290.
1573 2793 1610 2823 et
1639 2788 1675 2821 in
1691 2785 1788 2827 supi.

303 2839 344 2872 Τ.
368 2838 413 2873 11.
439 2848 473 2881 p.
493 2839 550 2873 52.
573 2841 609 2871 et
636 2846 711 2879 seq.
