1941 3143
1662 87 1724 134 59

142 200 490 248 Tibiscanorum
528 196 808 246 referuntur.
858 198 1122 259 Hungariae
1170 196 1426 245 Comitatus
1465 196 1597 243 dico:
1646 197 1724 258 qui

143 271 263 314 enim
288 270 334 312 in
359 265 609 313 Sclavonia
626 299 638 322 ,
678 273 754 312 aut
780 265 965 313 Oroatia
993 273 1126 324 sunt,
1164 278 1247 313 eos
1285 265 1397 312 nulli
1423 264 1586 310 horum
1611 262 1720 311 Cir-

143 335 347 381 culorum
376 334 618 388 accenseri
643 346 778 380 nemo
808 337 972 381 nescit.

197 415 248 469 ³⁶)
279 414 562 454 Audiebantur
597 414 800 455 interdum
841 416 944 455 aliae
976 415 1096 455 etiam
1130 413 1221 469 ejus
1259 413 1512 460 divisiones,
1544 411 1656 452 velut
1685 411 1726 452 in

252 473 474 510 descensus
495 472 553 524 ὃ),
585 483 608 510 a
631 472 796 511 Simone
827 474 875 512 de
901 473 1012 513 Keza
1042 478 1381 512 commemoratos
1401 470 1462 524 b),
1495 470 1536 508 in
1570 475 1726 521 septem

253 527 566 579 Capitaneatus3
599 528 639 566 in
671 529 917 579 citeriorem,
950 535 988 569 et
1016 530 1275 577 ulterioren13
1310 529 1349 568 in
1375 526 1551 580 regalem
1581 532 1620 565 et
1645 527 1726 565 du-

250 584 397 631 calem,
429 585 499 622 sed
524 584 668 623 dubiae
684 585 913 638 pleraeque,
946 592 983 626 et
1004 587 1222 635 obscurae;
1247 585 1454 639 praesenti
1480 596 1578 624 sane
1601 582 1727 624 Hun-

250 641 387 695 gariae
417 641 551 680 Statui
580 641 744 682 minime
771 643 1058 683 convenientes
1081 644 1137 697 ⁰).

857 733 902 788 ἓ.
945 733 1022 779 50.

598 817 880 875 Praecipua
907 819 956 861 2'72
987 816 1272 862 Comitatus.

276 897 688 945 Momentosiorem
724 911 838 960 prae
879 899 1057 944 cunctis
1091 899 1198 956 jure
1238 897 1401 942 dixero
1444 894 1726 942 divisionem

142 967 405 1026 Hungariae
432 967 477 1009 in
497 964 766 1022 Comitatus,
785 967 862 1026 qui
886 965 1219 1012 verosimiliter
1246 979 1270 1009 a
1287 963 1540 1011 Comitibus
1566 977 1725 1008 eorum

144 1035 425 1096 praepositis
452 1034 720 1091 genericum
746 1032 835 1078 hoc
872 1047 1042 1078 nomen
1066 1033 1342 1087 retulerint3
1381 1029 1586 1092 speciale
1622 1031 1727 1075 sin—

141 1101 267 1161 guli,
305 1114 397 1145 uno
426 1098 548 1144 forte
567 1132 578 1154 ,
619 1099 831 1145 alterove
859 1106 1088 1161 excepto,
1128 1114 1152 1144 a
1189 1098 1381 1144 notabili
1408 1097 1605 1159 quodam
1632 1096 1728 1143 Ca-

141 1174 237 1213 stro
285 1166 470 1220 sortiti,
520 1171 623 1209 actu
673 1169 993 1223 retinuerunt,
1048 1166 1246 1226 indeque
1299 1167 1443 1211 nativi
1495 1164 1727 1211 idiomatis

140 1231 436 1292 compellatio
474 1230 889 1292 „Varmegye“
928 1233 1114 1279 indubie
1150 1235 1414 1294 processit,
1451 1231 1568 1278 haec
1607 1234 1728 1278 enim

138 1299 313 1347 indicat
337 1298 583 1357 regionem
608 1310 719 1344 suos
746 1300 865 1343 intra
891 1298 1060 1344 limites
1091 1300 1146 1344 ad
1173 1307 1372 1345 castrum
1398 1302 1725 1360 pertinentem.

138 1367 376 1414 Interdum
403 1363 659 1411 Comitatus
687 1366 825 1411 etiam
850 1365 1018 1426 Megae
1033 1365 1106 1424 ff),
1135 1374 1180 1412 et
1196 1367 1468 1423 Pa'rochiae,
1496 1381 1520 1411 a
1548 1366 1728 1412 Graeco

139 1437 368 1494 Παροιχια,
419 1431 696 1493 quandoque
743 1433 1021 1481 Provinciae
1074 1448 1260 1495 quoque
1307 1436 1353 1480 in
1390 1434 1728 1496 Diplomatibus

138 1507 379 1547 vocantur.
1076 1549 1080 1552 ῃ

193 1584 243 1637 ³³)
275 1583 419 1633 Megae
446 1593 592 1621 nomen
613 1581 817 1632 repetitim
843 1582 884 1621 in
915 1583 1090 1622 Decreto
1125 1583 1445 1635 colomannid),
1475 1583 1730 1635 frequentius

250 1640 380 1680 adhuc
420 1638 583 1678 saeculo
624 1639 730 1687 XL,
775 1645 894 1690 atque
929 1640 1121 1691 deinceps
1161 1640 1362 1680 Parochia
1401 1654 1476 1692 pro
1519 1641 1727 1682 Comitatu

250 1701 476 1747 comparet,
509 1695 567 1733 uti
604 1695 643 1733 in
685 1695 844 1747 legibus
888 1696 1073 1735 Ladislai
1101 1697 1130 1737 Ι.
1156 1699 1220 1749 ⁸),
1272 1697 1535 1750 ejusdemque
1578 1698 1728 1738 litteris

249 1753 456 1792 Ecclesiae
496 1751 823 1802 Veszprimiensi
861 1753 1069 1792 concessis
1102 1754 1152 1805 f),
1195 1753 1344 1804 quibus
1376 1753 1635 1793 Parochia
1668 1756 1730 1794 de

250 1809 373 1849 Zala
404 1814 448 1846 et
478 1807 751 1859 Veszprim
784 1815 1084 1857 memorantur3
1117 1809 1220 1849 sileo
1256 1816 1515 1849 monumenta
1553 1810 1725 1862 reliqua,

251 1867 300 1905 ab
336 1865 430 1904 aliis
464 1863 637 1915 prolata.
670 1865 911 1904 Provinciae
949 1873 1218 1918 cognomento
1256 1867 1294 1905 in
1330 1868 1458 1907 vicem
1497 1866 1727 1908 Comitatus

250 1923 357 1963 idem
387 1920 608 1961 Ladislaus
635 1921 694 1975 g),
726 1927 765 1961 et
795 1922 892 1961 Bela
922 1923 996 1964 ΙΙΙ,
1019 1922 1063 1976 ¹¹)
1099 1923 1334 1965 utebantur.

642 1996 1225 2126 Orzyz'nzs§pe{2'ntz'quae.

274 2144 408 2200 Quod
445 2142 580 2203 hujus
623 2143 866 2193 divisionis
903 2149 1131 2207 originem
1166 2149 1212 2193 in
1255 2146 1509 2195 Comitatus
1546 2150 1725 2207 attinet,

138 2211 332 2259 eandem
372 2218 524 2258 aetate
564 2212 656 2259 divi
694 2213 917 2276 Stephani
956 2221 1190 2277 utcunque
1229 2218 1497 2272 exstitisse,
1536 2230 1561 2260 e
1598 2217 1725 2276 legi-

137 2281 221 2326 bus
274 2279 308 2337 ἱ)
349 2279 767 2341 diplomatibusque
793 2281 846 2340 ζ’)
888 2283 1178 2343 colligimus3
1214 2283 1324 2328 licet
1361 2284 1516 2343 itaque
1553 2284 1725 2328 nullum

137 2349 450 2394 testimonium
478 2354 638 2409 aperte
666 2350 869 2406 evincat,
899 2351 1092 2397 exordia
1134 2349 1440 2397 Comitatuum
1467 2364 1568 2396 eum
1591 2352 1723 2411 regia

180 2457 212 2497 ⁸)
237 2459 355 2491 Botka
381 2463 455 2492 not.
476 2460 632 2501 Diplom.
658 2465 772 2494 veter.
802 2462 925 2495 Const.
954 2463 1081 2497 Comit.

174 2502 210 2544 b)
238 2505 366 2538 Chron.
390 2507 471 2538 edit.
490 2505 646 2547 Horany.
670 2517 699 2548 p.
726 2508 781 2541 69.
802 2513 835 2540 et
857 2509 949 2541 alibi.

178 2549 209 2586 e)
235 2552 280 2591 lg.
305 2553 356 2585 St.
379 2552 542 2584 Horvath
567 2555 653 2586 inst.
676 2555 747 2594 jur.
776 2555 869 2596 publ.
891 2557 1008 2597 Hung.
1032 2556 1089 2589 38.

177 2592 210 2631 d›
238 2597 306 2629 Lib.
326 2600 352 2631 1.
371 2599 407 2630 c.
434 2601 485 2632 12.
507 2604 540 2630 et
564 2600 620 2632 37.

177 2644 209 2675 ⁰)
238 2644 323 2674 Dec.
348 2645 384 2675 L.
414 2646 444 2678 3.
473 2645 510 2677 C.
535 2645 588 2677 16.

179 2687 212 2721 s)
239 2690 376 2720 Katona
404 2692 493 2722 nist.
516 2691 595 2723 crit.
623 2691 660 2722 T.
681 2691 712 2722 2.
736 2691 772 2723 Ρ.
796 2692 827 2723 2.
853 2701 883 2732 p.
907 2689 984 2724 424.

178 2738 212 2768 fi)
240 2736 326 2765 Dec.
345 2737 379 2767 L.
401 2736 431 2769 3.
459 2738 495 2770 C.
522 2737 574 2769 13.

177 2778 211 2815 h)
239 2780 317 2812 Vid.
341 2782 423 2814 Cod.
445 2784 526 2824 Dip.
551 2784 684 2823 Georg.
711 2779 818 2821 Fejer
838 2783 878 2814 Τ.
896 2785 928 2817 2.
954 2793 986 2827 p.
1007 2783 1087 2817 228.

186 2825 211 2869 i)
239 2827 324 2860 Dec.
346 2829 383 2862 L.
401 2829 434 2862 2.
459 2828 498 2862 C.
522 2829 575 2863 38.
602 2828 657 2861 42.
682 2826 738 2861 43.
769 2830 805 2861 et
824 2826 880 2864 44.
