1941 3143
238 130 335 178 242

240 242 483 291 Personali
510 241 700 304 proprio
729 236 917 285 arbitrio
947 236 1145 297 delecti,
1184 241 1350 302 periti,
1390 247 1528 302 atque
1555 239 1711 289 idonei
1736 240 1826 288 Ju-

244 312 385 357 ‹lices.
437 310 600 356 Notari
640 313 845 354 merctur
885 306 1031 351 adhue
1071 308 1115 352 in
1164 310 1316 353 causis
1361 311 1574 370 praecise
1613 310 1824 358 civilibus

237 394 387 442 penes
431 377 794 423 confoederatas
839 380 1015 436 septem
1047 382 1288 421 montanas
1316 378 1528 422 cIVitates
1555 376 1633 439 W)
1675 379 1827 424 inter-

238 447 438 492 medium
463 445 639 501 adhuc⁷
676 449 920 503 antequam
961 448 1195 502 postrema
1230 446 1407 490 revisio
1450 460 1605 490 coram
1649 446 1827 492 Perso-

234 514 326 560 nali
352 514 504 559 locum
530 511 726 568 habeat,
766 526 791 555 a
833 510 1066 555 sententia
1093 512 1163 555 sui
1204 510 1505 570 Magistratus
1541 512 1710 558 Forum
1737 527 1828 574 ap·-

233 582 529 642 pellatorium
568 579 814 635 obtinere,
854 576 978 638 quod
1017 591 1077 622 ex
1114 578 1396 638 singularum
1423 580 1667 640 Ablegatis
1705 595 1827 627 con-

235 648 334 694 llari
361 648 497 694 solet.
786 655 795 662 ‘

288 745 339 800 ⁴⁶)
371 746 569 784 prostant
600 744 641 782 in
674 742 860 794 Corpore
891 742 1010 782 Juris
1048 742 1277 794 peculiares
1310 744 1487 794 articuli,
1519 745 1585 784 his
1618 745 1659 784 in
1692 744 1828 796 specie

347 802 599 842 Civitatibus
633 800 902 852 praescripti,
945 812 1048 851 quos
1091 800 1275 839 Joannes
1308 801 1426 840 Thuz
1460 803 1507 840 de
1539 802 1627 841 Lak
1659 802 1825 841 Taver-

348 861 534 898 uicorum
567 857 780 909 Regalium
823 856 1024 908 Magister
1056 857 1132 896 sub
1165 857 1322 896 Mathia
1365 857 1549 896 Corvino
1570 859 1610 908 ⁸)
1644 859 1826 909 college—

346 922 423 963 rat,
457 916 576 967 quive
610 921 754 966 postea
786 913 1007 964 privilegio
1041 913 1196 964 Regum
1232 912 1433 953 Uladislai
1459 913 1526 963 11.,
1558 920 1596 953 et
1619 914 1827 967 Rudolphi

353 971 597 1020 confirmati,
629 971 818 1021 auctique
851 969 1029 1008 suerunt.

262 1045 341 1100 Μ)
376 1045 478 1084 Puta
511 1042 838 1089 Cremniczium,
870 1041 1220 1091 Schemniczium,
1262 1041 1530 1093 Neosolium,
1561 1042 1826 1096 Bakabanya,

346 1101 619 1155 Libctbanya‚
651 1098 902 1151 Belabanya‚
935 1104 973 1137 et
1004 1097 1209 1152 Ujbanya.

930 1225 977 1281 ὃ.
1019 1227 1046 1271 7
1052 1226 1130 1271 41.

840 1325 899 1371 M
896 1327 1215 1371 omanis-tica.

369 1425 419 1471 In
446 1422 743 1483 regionibus,
780 1422 1027 1482 locisque.
1066 1423 1112 1466 in
1152 1421 1313 1482 qulbus
1353 1421 1562 1467 MInerae
1590 1422 1823 1481 coluntur,

235 1496 399 1540 demtis
428 1494 613 1548 causis,
655 1505 773 1550 quae
814 1490 941 1535 nullo
981 1489 1119 1534 modo
1163 1491 1439 1547 conjunctae
1480 1497 1586 1536 sunt
1613 1505 1714 1536 cum
1740 1506 1825 1537 ra-

230 1561 457 1615 tionibus„
510 1566 555 1604 et
602 1559 804 1614 cultura
831 1557 1054 1613 fodinali‚
1114 1556 1548 1617 criminalibusque.
1613 1557 1823 1618 reliquae

228 1628 534 1691 personales7
575 1640 629 1671 ac
654 1626 809 1670 reales
837 1626 1193 1670 montanisticae
1232 1638 1393 1670 omnes
1420 1626 1639 1685 propriae
1664 1625 1823 1671 Juris-

230 1697 449 1742 dietioni.
497 1695 728 1739 montanis
771 1694 940 1753 quippe
977 1691 1170 1737 Judiciis
1216 1692 1457 1750 subjacent
1498 1691 1557 1749 b).
1610 1692 1681 1737 Ex
1719 1695 1822 1738 istis

229 1766 317 1810 alia
359 1767 465 1807 sunt
506 1761 841 1816 districtualia,
882 1773 1000 1820 quae
1042 1773 1243 1817 nomem
1293 1773 1624 1819 numerumque
1673 1775 1698 1804 a
1731 1760 1822 1805 Di-

232 1830 468 1877 strictibus
497 1834 806 1889 acceperant.
846 1834 890 1872 et
917 1826 986 1872 his
1014 1826 1089 1872 vel
1119 1827 1360 1872 distinctus
1395 1826 1548 1872 Judex
1573 1826 1821 1873 Montanus

231 1895 531 1944 districtualis
568 1894 836 1956 praesidet.
874 1897 937 1939 uti
976 1893 1315 1949 Selleniiiiczii3
1353 1894 1431 1939 vel
1470 1894 1592 1953 quod
1630 1896 1675 1938 in
1701 1894 1822 1938 reli-

230 1967 331 2026 quis
360 1964 537 2009 obtinet
557 1997 568 2018 ,
609 1965 708 2023 ipse
738 1961 937 2020 Collegii
963 1961 1282 2020 PraeposituS.
1323 1959 1373 2004 In
1399 1959 1591 2004 Judiciis
1618 1960 1821 2005 inferio-

229 2032 373 2085 ribus„
410 2045 463 2075 ac
489 2028 720 2090 prioribus
749 2027 1061 2073 subordinatis
1084 2028 1160 2084 jus
1189 2027 1344 2072 dicunt
1368 2026 1558 2071 Judices
1587 2027 1821 2072 substituti

229 2099 476 2153 Montium,
514 2095 742 2142 interdum
784 2096 1014 2141 Silvarum
1053 2094 1279 2154 Magistri.
1318 2093 1399 2138 His
1427 2107 1612 2154 quoque
1637 2101 1820 2139 utrum-

229 2182 318 2229 que
336 2166 502 2212 Curiae
518 2163 697 2223 Regiae
713 2162 933 2208 Tribunal
948 2161 1069 2208 Fora
1086 2161 1410 2224 Appellatoria
1429 2163 1714 2207 constituunt
1759 2162 1816 2220 ο).

930 2308 978 2364 §.
1019 2308 1130 2354 742.

512 2410 861 2462 Delam-eceman,
900 2408 1216 2467 aliorumque
1251 2409 1517 2453 Locorum.

359 2506 497 2567 Apud
531 2505 766 2566 Jazyges.
807 2512 853 2552 et
892 2505 1123 2551 Cumanos
1161 2504 1328 2550 Forum
1366 2505 1541 2565 primae
1568 2505 1816 2550 instantiae

224 2577 270 2621 in
310 2576 463 2621 causis
504 2573 717 2620 civilibus
758 2581 862 2619 sunt
899 2574 1100 2620 Senatus
1139 2572 1397 2630 Locorum,
1452 2571 1692 2634 Capitanei
1727 2571 1818 2617 Di-

273 2718 305 2754 a)
333 2718 436 2750 Cont'.
462 2717 559 2749 Alex.
586 2715 745 2757 Horauyi
774 2728 919 2754 memor,
945 2719 1061 2759 Hung.
1088 2719 1128 2751 T.
1152 2718 1213 2750 111.

264 2775 298 2814 h)
330 2775 430 2808 1609.
456 2775 510 2807 29.
537 2793 582 2798 ——
610 2774 711 2806 1622.
738 2775 791 2806 33.

264 2833 292 2872 c)
320 2834 373 2863 De
398 2833 482 2864 Jud.
510 2830 622 2862 Mont.
648 2831 718 2872 legi
746 2835 871 2862 meret.
898 2833 1014 2863 Faber
1040 2832 1158 2863 Princ.
1184 2831 1262 2863 Jur.
1289 2831 1376 2862 Met.
1405 2830 1459 2862 ed.
1487 2830 1533 2862 ΙΙ.
1562 2830 1599 2863 C.
1618 2828 1650 2862 4.
1679 2839 1710 2871 p.
1737 2827 1815 2862 176.

330 2893 364 2920 et
389 2888 573 2929 ⁸lurjevieb
600 2888 696 2920 Just.
722 2888 802 2921 δικ.
830 2889 917 2921 Met.
944 2889 981 2919 L.
1009 2888 1041 2918 4.
1070 2888 1109 2918 C.
1136 2890 1166 2920 1.
1191 2898 1223 2928 p.
1250 2888 1326 2920 175.
1354 2890 1398 2918 et.
1425 2895 1501 2926 seq.
