1941 3143
208 89 302 136 102

204 201 276 248 Ex
312 199 403 248 hoc
436 200 540 263 ipso
591 206 784 246 auctore
826 196 1086 257 colligitur„
1147 213 1265 245 aevo
1305 214 1423 257 suo,
1460 201 1590 246 initio
1628 202 1796 263 quippe

206 269 354 315 seculi
382 268 661 325 duodecimi,
689 266 1017 313 scholasticam
1048 265 1257 312 sobolem
1284 269 1329 313 in
1357 267 1580 329 Capitulis
1607 271 1797 330 passim,

206 352 261 382 ac
288 336 540 384 Coenobiis
571 352 594 382 a
617 337 799 397 piisimo
827 333 988 393 Rege,
1028 333 1148 379 hunc
1187 337 1322 381 etiam
1358 338 1403 381 in
1440 349 1632 398 scopum
1675 335 1799 382 libe-

207 404 351 450 ralius
391 404 578 461 dotatiS,
615 405 794 449 institui
825 403 1137 448 consvevisse
1162 399 1232 460 ξ’).

263 501 312 555 *)
344 500 559 540 Floruisse
592 501 700 551 apud
743 499 1078 550 Veszprimiense
1120 499 1355 552 Capitulum
1395 501 1570 540 similem
1615 501 1798 542 scholam

322 571 412 598 cum
445 558 594 597 artium
619 556 850 597 liberalium
878 556 1030 596 studiis
1055 557 1104 596 ad
1129 570 1280 596 morem
1304 557 1494 598 ludorum
1517 559 1802 598 Parisinorum

323 615 365 654 in
400 614 552 663 Gallia,
584 614 824 654 testimonio
859 614 980 653 nobis
1011 619 1073 653 est
1109 615 1320 654 concessio
1359 615 1545 655 Ladislai
1584 615 1719 656 Chuni
1742 616 1805 670 ⁸),

327 684 406 723 qua
437 671 599 712 scholae
630 671 746 720 huic,
778 670 940 723 ipsique
971 669 1179 710 Ecclesiae
1212 671 1262 711 ob
1294 673 1440 712 damna
1472 685 1669 724 perpessa
1701 685 1801 725 par-

326 734 406 769 tem
437 728 583 770 tributi
616 728 763 770 deFok
795 741 902 768 anno
937 727 1061 768 1276.
1094 728 1282 769 conferre
1314 742 1393 769 non
1427 730 1642 770 dubitavit.

913 855 960 910 ᾗ.
1000 856 1110 903 491.

416 956 546 1000 Dein
569 954 853 1000 Ludovz'czca
891 956 943 1008 J.,
970 955 1331 1012 Seffl'smemdecs,
1370 955 1599 1000 Mathia&

351 1049 582 1097 Fundavit
619 1065 781 1112 porro,
821 1057 959 1111 atque
1000 1053 1153 1096 erexit
1189 1052 1519 1109 Academiam,
1561 1053 1663 1098 sive
1703 1059 1810 1097 stu-

216 1118 337 1164 dium
363 1118 587 1177 generale
618 1132 738 1162 anno
772 1118 912 1164 1382.
945 1117 1211 1164 Ludovicus
1236 1119 1270 1164 I.
1292 1119 1382 1165 hoc
1409 1134 1592 1179 quoque
1622 1122 1810 1165 nomine

214 1186 411 1245 Magnus
446 1184 522 1245 ⁴⁶),
573 1186 704 1243 cujus
753 1187 955 1245 vestigia
1015 1200 1163 1245 gener
1215 1187 1538 1247 Sigismundus
1589 1189 1810 1243 imitatus,

215 1253 349 1299 brevi
378 1258 487 1314 post
513 1252 705 1298 alteram
724 1252 882 1297 Budae
922 1255 968 1298 in
1008 1255 1107 1314 ipsa
1147 1254 1300 1314 Regni
1340 1253 1589 1314 Metropoli
1626 1256 1810 1300 consti-

215 1322 302 1366 tuit
341 1318 402 1378 bJ.
455 1320 601 1366 Auxit
638 1335 877 1365 numerum
917 1320 1114 1366 Mathias
1152 1320 1404 1377 Corvinus,
1444 1321 1652 1367 liberalis
1691 1335 1810 1382 pro-

216 1388 343 1434 fecto
382 1390 453 1433 sui
504 1390 728 1448 temporis
767 1388 1046 1433 Litterarum
1083 1387 1263 1445 fautor,
1316 1396 1453 1449 atque
1492 1390 1612 1435 idem
1653 1388 1812 1434 Studia

217 1456 458 1516 generalia
484 1461 575 1500 tam
607 1455 816 1512 Posonii,
855 1469 973 1515 quae
1000 1455 1374 1516 Istropolitanam
1398 1457 1697 1502 Academiam
1724 1455 1813 1501 ad-

217 1523 396 1585 pellare
422 1523 826 1583 placuit—quam
851 1521 1010 1568 Budae
1047 1523 1300 1570 collocavit
1323 1522 1417 1582 Η).
1472 1524 1566 1569 Sed
1593 1526 1815 1568 universa

219 1590 336 1635 haec
376 1590 636 1636 litterarum
672 1591 879 1651 emporia
927 1605 1013 1652 per
1072 1590 1218 1637 ferale
1253 1591 1308 1636 ad
1347 1590 1539 1637 Mohacs
1583 1589 1815 1637 excidium

220 1657 422 1703 tumulos
451 1671 563 1704 suos
603 1663 899 1720 repererunt.

276 1754 323 1804 Ἴ
352 1754 573 1793 Indubium
596 1754 708 1793 istud
733 1755 909 1793 reddunt
933 1766 1014 1793 non
1040 1755 1161 1793 modo
1184 1754 1312 1794 Breve
1333 1754 1546 1794 Pontifieis
1568 1752 1723 1794 Urbani
1744 1753 1814 1791 vl.

334 1810 700 1860 confirmatorium,
733 1812 840 1862 quod
873 1811 1164 1850 celeberrimus
1191 1811 1332 1851 Palma
1354 1825 1373 1851 e
1398 1811 1581 1851 Bullario
1605 1810 1815 1849 Romano-

334 1882 426 1908 rum
457 1867 699 1908 Pontificum
731 1868 773 1906 in
806 1881 912 1919 opus
945 1881 1064 1907 suum
1106 1869 1393 1919 transscripsit
1417 1869 1458 1921 c)
1480 1898 1490 1915 ‚
1522 1879 1663 1907 verum
1695 1866 1814 1905 etiam

336 1925 489 1964 alterae
535 1923 721 1977 ejusdem
764 1923 977 1964 Pontificis
1020 1924 1225 1972 Litterae,
1279 1938 1352 1974 per
1393 1924 1565 1963 Paulum
1607 1922 1815 1974 Valaszky

338 1982 528 2034 vulgatae
549 1980 617 2033 d)‚
659 1979 778 2033 cujus
821 1981 961 2027 verba,
1003 1993 1103 2029 quae
1135 1981 1212 2018 huc
1252 1979 1431 2028 faciunt,
1477 1992 1649 2030 excerpo
1683 1978 1815 2028 „Cum

340 2038 506 2089 „itaque
547 2049 679 2087 nuper
711 2037 776 2076 Tu
811 2034 984 2087 (scribit
1013 2036 1125 2086 Papa
1169 2036 1379 2075 Ludovico
1412 2036 1539 2087 Regi)
1572 2037 1622 2074 ad
1654 2036 1817 2074 utitita-

338 2100 447 2143 „tem
489 2092 753 2146 hujusmodi,
811 2105 883 2131 nec
927 2104 1006 2130 non
1053 2093 1367 2143 prosperitatem
1415 2092 1646 2132 Incolarum
1688 2091 1816 2139 Regni

338 2151 450 2201 „Tui
481 2150 744 2202 Hungariae,
785 2156 823 2188 et
854 2149 1029 2187 aliarum
1071 2149 1254 2188 Partium
1299 2150 1526 2188 vicinarum
1559 2148 1821 2187 laudabiliter

339 2208 608 2258 „intendens‚
641 2206 859 2247 Civitatem
891 2206 1077 2256 Quinque
1109 2205 1432 2255 Ecclesiensem,
1472 2212 1676 2256 tamquam
1709 2205 1818 2244 insi-

339 2264 556 2317 ,‚gniorem
589 2263 684 2303 aliis
718 2260 969 2304 Civitatibus
1002 2262 1099 2301 dicti
1131 2263 1276 2314 Regni,
1307 2269 1345 2302 et
1385 2263 1513 2314 magis
1547 2262 1820 2307 accomodam,

341 2329 409 2371 „et
440 2322 644 2369 idoneam,
677 2326 721 2359 ut
752 2325 791 2358 et
824 2320 862 2358 in
896 2332 942 2358 ea
974 2319 1109 2371 vigeat
1141 2320 1329 2358 Studium
1363 2319 1549 2371 generale
1579 2319 1618 2357 in
1642 2317 1821 2369 qualibet.

343 2378 481 2428 „licite
514 2377 706 2418 facultate
739 2376 990 2423 ordinanda,
1023 2389 1068 2414 ac
1101 2377 1318 2423 omnibus,
1351 2382 1389 2414 et
1419 2375 1599 2427 singulis
1632 2374 1820 2413 doctori-

341 2436 472 2484 „bus‚
504 2434 748 2487 Magistris,
790 2439 828 2473 et
859 2433 1151 2483 Scholaribus,
1192 2445 1413 2484 eorumque
1445 2431 1738 2472 Familiaribus
1769 2431 1819 2468 ad

268 2584 301 2626 ίι)
327 2586 553 2618 monument.
579 2585 647 2616 hoe
676 2592 719 2616 ex
750 2584 903 2625 Authog.
928 2583 1025 2620 vulg.
1059 2584 1199 2615 Katona
1226 2582 1319 2614 Hist.
1343 2582 1420 2614 crit.
1446 2582 1486 2615 T.
1508 2581 1602 2614 vm.
1643 2581 1678 2613 in
1704 2581 1820 2613 Praes.

337 2636 373 2664 et
395 2641 439 2664 ex
463 2632 533 2664 isto
558 2631 694 2672 Georg.
718 2629 825 2671 Fejer
851 2631 936 2663 Cod.
962 2631 1038 2670 Dip.
1058 2631 1097 2661 T.
1122 2630 1165 2662 V.
1188 2630 1258 2662 vol.
1288 2630 1328 2661 ΙΙ.

272 2691 307 2731 b)
335 2690 456 2722 Belius
480 2693 550 2720 not.
575 2689 690 2728 Hung.
727 2698 807 2721 nov.
833 2690 873 2719 T.
896 2690 955 2720 ΙΙΙ.
983 2698 1012 2728 p.
1044 2689 1120 2720 201.
1150 2687 1182 2718 in
1214 2688 1308 2718 Hist.
1335 2685 1415 2718 lli-b.
1441 2684 1631 2718 Budensis.
1652 2702 1696 2708 -
1728 2684 1822 2723 Pray

324 2737 449 2770 Annal.
473 2738 559 2776 Reg⁴
583 2736 700 2776 Hung.
724 2735 760 2767 P.
791 2736 831 2766 ΙΙ.
860 2744 889 2775 p.
917 2735 993 2766 186.
1022 2738 1088 2765 etc.

274 2796 305 2833 Φ)
339 2795 417 2827 Not.
442 2802 510 2825 rer.
536 2793 654 2834 Huug.
684 2792 766 2824 edit.
793 2792 824 2825 3.
852 2792 892 2822 Τ.
920 2792 950 2822 1.
976 2800 1005 2832 p.
1036 2791 1111 2823 150.
1138 2794 1172 2822 et
1198 2799 1272 2831 seq.

273 2852 305 2893 d)
333 2852 371 2886 ln
393 2860 518 2895 consp.
535 2851 636 2894 Reip.
661 2849 770 2884 litter.
788 2849 823 2882 in
849 2848 968 2890 Hung.
991 2846 1073 2881 edit.
1090 2847 1124 2880 2.
1147 2856 1180 2890 p.
1207 2847 1261 2880 68.
1287 2849 1322 2880 et
1341 2853 1419 2886 seq.
