1941 3143
1631 94 1693 143 97

117 218 161 261 in
187 219 477 275 sequestrum
515 226 726 269 sumere,
765 212 903 271 inque
946 210 1334 256 restaurationem
1374 207 1690 255 desolatorum

115 287 393 328 convertere
419 293 560 342 posse
577 314 590 337 ,
627 281 706 327 lex
731 277 813 325 sub
841 278 1010 324 Carolo
1037 277 1115 324 VI.
1143 276 1234 322 lata
1276 275 1317 334 ³)
1359 275 1496 322 claris
1522 275 1681 323 verbis

116 350 394 395 enunciavit.
568 364 569 367 ¹

799 443 846 498 ξ.
887 444 998 490 482.

586 542 618 587 I
629 543 668 587 V.
707 541 940 587 Succedit
967 541 1227 586 Praelatis.

250 638 550 699 Complures,
601 639 817 699 exemplo
866 639 1056 683 aliarum
1108 637 1386 691 Nationum,
1447 633 1568 695 apud
1610 648 1696 680 nos

118 711 252 753 etiam
279 722 303 752 a
330 720 545 767 supremo
586 706 853 761 Patronatu,
886 707 963 763 Jus
992 704 1118 764 quod
1145 703 1382 749 Canonum
1410 701 1696 762 Interpretes

118 776 157 819 R
174 773 334 833 egali
352 787 455 817 aru
473 786 515 816 m
540 779 738 827 vocant,
778 771 1078 827 derivabant,
1113 770 1224 814 illud
1250 771 1460 814 nimirum
1477 803 1489 825 ,
1526 771 1696 827 vigore

120 843 251 897 cujus
278 840 496 899 Princeps
523 840 733 884 vacantis
759 838 1069 898 Episcopatus
1087 871 1100 894 ,
1139 844 1215 882 aut
1241 836 1433 881 alterius
1462 836 1698 880 ecclesia-

121 910 222 953 stici
249 905 467 951 Beneficii
503 907 676 964 regalis
717 905 866 961 bona,
906 919 959 949 ac
983 911 1243 965 proventus
1281 905 1460 947 interea
1488 903 1584 946 suis
1612 916 1698 945 ac-

121 980 295 1019 censet.
334 972 507 1017 Verum
541 979 640 1017 utut
682 971 804 1016 istud
845 974 890 1016 in
914 971 1081 1030 Regno
1125 983 1309 1030 quoque
1336 974 1498 1013 nostro
1528 967 1700 1012 hodie—

121 1041 222 1085 dum
250 1039 484 1093 obtineat,
523 1041 627 1098 quia
654 1038 947 1083 nihilominus
975 1037 1096 1082 bona
1123 1037 1440 1082 Praelatorum
1482 1049 1507 1079 e
1548 1034 1701 1079 colla-

121 1110 245 1151 tione
273 1107 402 1163 regia
428 1111 726 1163 promanant,
765 1112 809 1149 et
837 1104 1002 1149 eodem
1028 1103 1129 1148 fere
1157 1111 1350 1158 tenore,
1390 1116 1480 1161 quo
1512 1109 1700 1146 caetera

121 1171 443 1225 conferantur,
483 1186 633 1231 neque
661 1170 715 1215 ab
741 1170 811 1216 his
839 1172 929 1216 alio
949 1205 960 1227 ,
988 1185 1121 1230 quam
1160 1172 1250 1215 isto
1280 1168 1413 1214 titulo
1441 1168 1699 1228 possiden-

121 1247 221 1293 tur,
259 1235 566 1281 deficientium
606 1251 724 1282 vero
752 1252 1083 1296 possessorum
1123 1243 1212 1281 tam
1246 1233 1703 1289 Ecclesiasticorum,

123 1318 254 1365 quam
280 1301 568 1349 Seculariuln
603 1302 752 1358 bona,
789 1304 919 1349 velut
958 1320 982 1349 a
1021 1318 1155 1348 sacra
1182 1302 1367 1349 Corona
1404 1300 1700 1361 profluentia,

121 1385 222 1416 cum
246 1369 430 1415 illorum
467 1368 653 1413 defectu
691 1368 747 1414 ad
774 1371 968 1415 eandem
1005 1372 1171 1414 iterum
1198 1370 1542 1415 devolvuntur:
1583 1381 1702 1429 pro-

116 1437 241 1483 fecto
282 1436 504 1497 Princeps
543 1442 706 1481 noster
741 1439 969 1481 communi
1005 1435 1094 1480 hoc
1136 1439 1273 1481 etiam
1314 1436 1532 1482 Coronae
1583 1435 1698 1479 Jure

117 1506 380 1550 vacantium
403 1502 743 1549 Beneficiorum
768 1510 1026 1564 proventus
1053 1506 1236 1549 aerario
1274 1503 1451 1549 inferre
1491 1515 1699 1549 censen-

120 1570 203 1618 dus
230 1577 301 1617 est
341 1569 402 1629 ¹³).

813 1667 860 1722 ἓ.
899 1669 1012 1715 483.

126 1766 297 1812 Utrum
324 1766 473 1812 Bona
496 1765 854 1813 Ecclesia-stica
897 1769 946 1810 2‘72
972 1766 1236 1823 Hunyarz’a
1268 1768 1318 1810 in
1354 1765 1504 1809 Bona
1532 1764 1704 1809 Statu-9

663 1835 864 1890 possint
890 1836 1149 1878 converti?

257 1928 342 1983 Qui
369 1927 619 1974 secundum
656 1926 910 1985 theoriam,
949 1927 1069 1973 haud
1108 1929 1225 1974 adeo
1265 1927 1443 1988 pridem
1479 1928 1524 1971 in
1551 1925 1701 1970 lucem

126 1997 368 2051 emissam,
405 1995 525 2041 bona
551 1994 864 2040 Ecclesiarum
892 1995 1163 2057 temporalia
1199 1998 1244 2040 in
1279 1995 1400 2040 bona
1428 1993 1584 2041 Status
1610 2007 1704 2053 pu-

126 2060 231 2106 blici
277 2058 666 2120 (cztaatssssfitet)
707 2088 775 2095 ——-
798 2065 1033 2122 assignata
1070 2062 1367 2108 Beneficiatis
1405 2061 1704 2107 convenienti

127 2129 462 2173 sustentatione
498 2154 565 2160 —-
591 2131 702 2173 citra
728 2131 939 2188 injuriam
981 2132 1194 2176 converti
1227 2131 1357 2190 quire
1384 2133 1701 2189 propugnant,

126 2194 214 2252 ipsi
247 2196 568 2253 percogitent,
607 2210 693 2256 qua
731 2199 962 2257 aequitate
1007 2197 1175 2243 limites
1219 2198 1462 2242 eminentis
1501 2195 1704 2241 Dominii

128 2258 183 2303 ad
207 2262 538 2320 proprietatem
566 2262 774 2320 aliorum,
801 2265 920 2309 ultra
953 2263 1211 2310 absolutam
1237 2265 1572 2309 necessitatem
1598 2260 1702 2305 adi-

126 2325 334 2370 mendam
355 2361 366 2383 ,
406 2328 659 2374 extendere
684 2345 777 2375 non
803 2338 1052 2377 morentur.
1091 2331 1143 2377 In
1178 2331 1412 2391 HungarIa
1451 2335 1578 2373 certe
1604 2327 1703 2372 Ec-

128 2392 282 2437 clesiis
307 2392 426 2439 bona
455 2396 706 2442 eorundem
727 2398 833 2454 jure
871 2406 1097 2458 perpetuo
1120 2432 1132 2455 ,
1173 2407 1219 2445 et
1244 2395 1572 2452 irrevocabili,
1610 2394 1697 2439 lit-

127 2460 239 2503 teris
276 2459 592 2507 fundationum
632 2463 675 2508 id
714 2470 875 2524 aperte
914 2465 1246 2522 statuentibus,
1285 2466 1452 2525 quovis
1491 2469 1703 2522 tempore

128 2523 261 2569 fuere
290 2527 477 2585 collata,
513 2544 731 2588 quorsum
758 2545 858 2574 cum
884 2531 1149 2578 Verboczio
1176 2532 1229 2590 ἥ)
1256 2532 1389 2591 leges
1415 2532 1702 2585 innumerae,

130 2598 191 2647 ct,
231 2594 450 2668 sitnuper
488 2603 652 2641 enatos
687 2603 942 2645 novatores
978 2598 1162 2656 demas,
1207 2597 1490 2646 universalis
1518 2596 1700 2642 traditio

130 2666 409 2718 conspirant.

169 2772 200 2811 ²¹)
228 2773 328 2805 1723.
355 2774 408 2805 71.

164 2829 266 2920 b>IIP.
296 2831 316 2860 Ι.
344 2833 382 2862 tt.
407 2830 440 2863 3.
470 2830 524 2863 10.
547 2830 599 2863 13.
1406 2880 1433 2922 7
