1941 3143
1635 101 1695 149 71

114 203 277 250 blicum
314 202 549 247 decretum
591 204 632 259 ⁸)
674 203 951 248 Ferdinandi
988 202 1024 247 I.
1065 203 1213 263 palam
1242 205 1493 251 edixisset:
1533 209 1701 263 ..Quod

117 284 255 330 „sese
292 271 447 315 Status
487 275 533 313 et
573 268 770 313 Oidims
798 270 950 325 Regni
990 284 1083 314 non
1123 271 1269 315 solum
1297 271 1530 329 Majestati
1559 278 1699 333 Suae,

117 336 230 396 „sed
257 339 393 382 etiarn
421 349 608 381 suorum
634 335 746 381 hae1
751 337 883 381 edum
911 337 1128 398 Imperio
1171 344 1215 382 et
1241 341 1463 399 potestati
1490 342 1535 385 in
1564 356 1700 388 omne

116 411 325 465 „tempus
343 403 641 449 subdiderint.
651 404 675 429 ‘⁴
706 403 838 449 Clara
865 404 985 449 istud
1013 406 1233 450 evincunt
1252 407 1482 467 exempla
1512 411 1698 468 quoties

115 472 169 517 de
195 486 318 517 nova
345 472 569 532 Dynastia
597 471 652 516 ad
680 471 843 517 solium
870 471 1172 534 provehenda
1201 474 1426 530 agendum
1449 483 1562 520 erat.
1594 477 1701 522 No-

115 541 313 585 minatim
341 539 554 585 Conditio
584 539 810 584 omnihus.
854 555 971 600 quae
1018 555 1115 584 cum
1158 541 1306 587 Domo
1336 543 1581 589 Austriaca
1623 546 1700 590 in—

113 614 432 654 tervenerunt.
476 606 876 653 Conventionihus
918 610 1119 653 inserta:
1164 609 1254 662 ,Si
1298 610 1523 670 Regem
1563 614 1700 660 sine

114 674 388 723 masculo
431 674 692 723 haerede
736 675 1048 721 decedeie
1085 679 1413 738 contigat.
1402 680 1426 704 ⁴

814 774 862 831 ὃ.
909 775 987 822 73.

518 860 777 920 Leyesque
815 868 989 919 aperte
1028 861 1262 905 eve'ncmet.

245 944 430 992 Nonne.
472 950 521 989 ut
546 957 687 1004 porro
726 943 861 1003 leges
908 941 1132 1001 adferam„
1189 943 1343 989 sanxit
1382 942 1620 989 Articulus
1646 942 1702 989 Ius

110 1013 166 1058 de
209 1012 371 1058 Officio
416 1011 654 1058 Palatinali
673 1044 685 1067 ,
726 1010 808 1057 suh
835 1010 1004 1056 Mathia
1030 1009 1065 1054 Ι.
1095 1011 1307 1057 conditus
1349 1010 1412 1069 1ἦ),
1450 1011 1588 1072 idque
1630 1027 1656 1057 e
1672 1028 1705 1057 x

107 1086 357 1124 vetusta
382 1079 492 1136 Maj
516 1093 676 1124 orum
703 1075 1163 1123 consuetudine
1205 1080 1299 1137 „Si
1330 1079 1572 1138 quando
1604 1092 1704 1126 se—

109 1160 182 1204 „m
201 1159 269 1189 en
301 1160 363 1190 re
385 1148 538 1204 gium
573 1148 683 1206 (per
712 1159 829 1206 quos
864 1146 983 1203 J'uris
1010 1147 1160 1190 nostri
1178 1146 1520 1206 significatione
1549 1148 1702 1193 virilis

109 1225 350 1275 „propago
388 1213 600 1269 notatur)
647 1213 687 1269 ⁰)
734 1212 760 1256 d
775 1227 799 1257 e
814 1212 859 1256 fi
875 1227 899 1257 c
913 1228 937 1257 e
953 1228 975 1257 r
993 1226 1018 1256 e
1057 1227 1082 1256 o
1099 1227 1123 1257 ο
1142 1220 1200 1258 nt
1216 1216 1228 1258 i
1248 1230 1275 1259 n
1290 1230 1319 1275 g
1335 1229 1359 1259 e
1378 1229 1399 1258 r
1414 1229 1438 1259 e
1454 1215 1518 1259 tf<
1558 1214 1700 1260 Pala-

106 1282 227 1326 tinus
255 1278 472 1339 eligendo
522 1278 643 1338 Regi
688 1292 814 1323 novo
851 1278 1045 1323 Comitia
1086 1280 1256 1326 indicat
1273 1282 1295 1326 ¹?
1349 1281 1516 1328 Nonne
1556 1297 1702 1343 prae-

105 1347 218 1393 fatio
260 1347 593 1403 conditionum„
635 1346 847 1391 translati
884 1347 931 1390 in
957 1344 1245 1392 Vladislaum
1275 1348 1530 1395 Bohemum
1567 1352 1702 1410 regi-

104 1416 269 1470 minis‚
307 1415 476 1460 innuit:
518 1414 643 1474 legi
663 1415 822 1459 timis
859 1412 1044 1459 haere
1063 1412 1238 1460 dibus
1268 1416 1314 1461 M
1333 1431 1356 1461 a
1375 1417 1541 1461 thiae
1580 1432 1702 1464 non

104 1499 132 1545 p
148 1498 171 1528 r
187 1497 210 1528 a
229 1497 254 1528 e
268 1496 292 1527 e
306 1484 401 1527 xis
418 1487 471 1527 te
485 1488 541 1529 nt
558 1483 570 1527 i
589 1481 615 1527 b
632 1496 660 1526 ιι
675 1495 695 1526 s
710 1515 722 1537 7
773 1481 1042 1528 devolutum
1103 1481 1251 1529 fuisse
1278 1483 1334 1528 ad
1360 1483 1517 1531 Status
1545 1484 1700 1544 Regni

100 1552 178 1609 jus
217 1550 462 1596 electionis
477 1551 502 1597 ⁶?
541 1548 583 1608 ὖ)
637 1548 771 1607 Quid,
797 1549 920 1611 quod
954 1550 1033 1597 vel
1077 1549 1349 1597 Conventus
1391 1552 1701 1599 Rakosiensis

104 1632 334 1681 praeceps
370 1618 482 1663 illud
522 1616 816 1663 conclusum:
860 1617 962 1677 „Ne
992 1619 1187 1681 amplius
1221 1619 1327 1664 Rex
1357 1627 1548 1666 exterus
1592 1635 1703 1666 cre—

105 1686 294 1732 aretur“
332 1685 418 1731 hac
446 1687 632 1732 minime
656 1684 868 1746 ambigua
892 1689 1206 1748 expressione
1233 1688 1404 1732 nitatur
1448 1689 1504 1745 ρ).
1542 1689 1623 1743 Qu
1641 1702 1701 1733 o-

103 1756 503 1814 tiescunque‚
568 1758 626 1798 et
702 1753 948 1812 quando
968 1768 1192 1815 cunque
1248 1753 1378 1799 ·hoo
1436 1754 1702 1816 Regnum

104 1823 275 1882 Rege
315 1820 663 1876 orhahit11r5
704 1821 984 1882 nullique
1022 1822 1203 1868 haere
1223 1821 1321 1867 des
1359 1837 1402 1866 m
1424 1824 1702 1868 asculini

111 1891 178 1936 de
223 1890 393 1948 jure,
445 1895 619 1948 atque
666 1890 1134 1936 consuetudine
1186 1889 1456 1947 ejusdem
1510 1891 1702 1950 Regni

110 1956 457 2007 succedere
485 1955 778 2003 debentes
807 1970 827 2003 s
848 1960 1161 2018 uperstite
1182 1971 1202 2004 s
1228 1960 1575 2006 manserint
1610 1964 1698 2005 etc.

826 2056 873 2113 ὃ.
916 2058 994 2104 74.

249 2141 368 2187 Cam
403 2140 525 2185 Jeme
557 2138 947 2198 ρναεθῖεεῑῑόηῑζς
984 2154 1139 2201 usque
1163 2141 1434 2201 Josepkmn
1470 2141 1558 2186 Ium

245 2222 372 2268 Haec
417 2223 599 2267 interim
638 2229 802 2268 cuncta
844 2237 900 2269 eo
929 2237 1072 2270 sensu
1098 2223 1460 2285 acciplebantur7
1510 2231 1559 2268 ut
1598 2222 1700 2267 Re-

109 2291 308 2353 gnicolis
334 2296 627 2337 reservatum
654 2291 940 2352 intelligatur
960 2293 1036 2350 jus
1065 2307 1119 2337 ao
1146 2293 1420 2337 exercitium
1446 2290 1700 2352 praeelec—

110 2362 249 2406 tionis
290 2362 411 2405 inter
446 2358 603 2420 plures
651 2359 786 2404 unius
822 2362 1062 2419 regnantis
1104 2360 1323 2405 Familiae
1361 2374 1512 2404 mares
1550 2358 1700 2404 virilis

111 2428 380 2490 propaginis
416 2426 683 2487 Principe&
733 2427 856 2487 quod
906 2442 999 2473 non
1034 2442 1161 2485 uno„
1202 2429 1414 2473 alterove
1463 2426 1698 2488 exemplo,

114 2497 257 2557 patria
290 2495 426 2541 docet
451 2493 672 2552 Historia,
711 2495 1009 2543 sedinduhiis
1027 2499 1174 2543 omnis
1194 2498 1299 2543 aevi
1314 2496 1549 2556 vestigiis,
1580 2509 1699 2543 usu-

150 2622 180 2657 ὃ)
207 2623 262 2654 De
295 2623 345 2655 Ao
385 2621 488 2656 1547.
516 2624 546 2656 5.

150 2670 185 2706 b)
209 2669 264 2701 De
289 2670 392 2701 Anno
420 2668 521 2703 1485.

150 2714 300 2753 e)Anni
328 2714 427 2750 1435.
456 2718 510 2750 17.
520 2716 660 2749 -Anni
690 2715 790 2750 1486.
817 2719 874 2752 26.
882 2719 964 2753 -P
991 2721 1016 2753 1.
1045 2723 1085 2752 tt.
1114 2720 1167 2752 22.

149 2762 185 2801 d)
212 2762 296 2794 Dec.
322 2762 489 2795 Confrm.
518 2763 608 2795 Anni
638 2762 738 2796 1490.

150 2810 182 2850 ⁰)
209 2809 427 2850 Autograph.
455 2813 573 2842 exstat
601 2810 635 2840 in
663 2810 811 2845 camera
836 2813 877 2846 R.
891 2813 1011 2856 flung
1038 2811 1173 2846 editum
1198 2811 1232 2844 in
1258 2811 1350 2850 Pray
1380 2808 1573 2841 Annalium
1598 2806 1636 2840 P.
1659 2803 1697 2838 4.

215 2864 246 2897 p.
272 2854 339 2889 313
365 2858 400 2888 et
426 2864 480 2900 ap.
508 2856 643 2899 plures.
